3224 5080
437 327 674 392 nrsroous
693 325 763 388 na
784 293 1109 392 ormrormus.¹
1321 325 1363 410 89

163 497 307 564 dixerim
333 498 404 563 sine
430 498 643 588 ingenuitate,
666 499 760 582 quasi
787 519 852 565 una
879 520 924 564 ex
954 498 1187 564 sordidissimis
1216 479 1403 610 affligit*

164 612 318 676 discatur.
365 611 458 693 Ergo
487 611 571 676 hanc
602 611 743 694 primam
766 621 800 676 ct
826 612 1039 696 praecipuam
1064 631 1199 678 causam
1222 610 1365 677 arbitror

163 724 270 788 curin
286 733 416 789 tantum
433 724 477 787 ab
495 723 684 807 eloquentia
704 725 914 808 antiquorum
932 733 1102 788 oratorum
1123 724 1364 788 recesserimus.

165 834 204 900 Si
234 844 337 900 testes
367 833 605 912 desiderantur,
636 855 721 919 quos
750 836 897 923 potiores
932 836 1112 900 nominabo
1141 856 1243 919 quam
1273 835 1365 919 apud

118 957 121 962 '
153 945 309 1032 ⁸Graecos
324 946 596 1024 Demosthenem,
605 967 705 1030 quem
720 947 1000 1013 studiosissimum
1015 948 1163 1013 Platonis
1178 948 1362 1013 auditorem
1380 975 1410 1026 ²5

163 1059 263 1124 fuisse
280 1058 458 1124 memoriae
480 1058 650 1141 proditum
665 1065 742 1124 cst?
787 1059 842 1130 Et,
853 1060 971 1126 Cicero
986 1060 1046 1134 his,
1062 1045 1105 1124 ut⁸
1114 1061 1240 1145 opinor,
1254 1060 1364 1125 verbis

165 1170 272 1248 refert,
289 1170 445 1254 quidquid
462 1171 495 1235 in
508 1171 699 1253 eloquentia
710 1171 863 1252 effecerit,
873 1173 906 1236 id
918 1194 953 1237 se
963 1193 1030 1236 non
1040 1172 1209 1238 rhetorum
1221 1173 1364 1257 cfficinis,
1376 1165 1386 1194 ⁶
1397 1183 1422 1196 ⁸*

164 1282 225 1348 sed
241 1281 448 1348 Academiae
461 1285 578 1366 spatiis
595 1294 820 1351 consecutum.
865 1283 953 1349 Sunt
976 1283 1061 1348 aliae
1078 1303 1206 1360 causae,
1223 1260 1365 1368 magnae

165 1403 200 1459 et
216 1414 340 1476 graves,
355 1415 438 1476 quas
453 1416 473 1460 a
488 1397 583 1462 vobis
598 1396 717 1481 aperiri
735 1415 880 1478 aequum
895 1386 956 1471 est,
972 1396 1129 1478 quoniam
1144 1395 1281 1479 quidem
1301 1415 1365 1479 ego

165 1506 233 1572 iam
250 1527 360 1571 meum
379 1528 499 1574 munus
514 1509 654 1593 explevi,
663 1519 697 1574 et
713 1511 803 1592 quod
819 1508 898 1572 mihi
915 1509 948 1573 in
961 1509 1200 1574 consuetudine
1214 1518 1273 1587 est,
1284 1509 1364 1574 satis
1378 1531 1412 1581 30

166 1618 290 1686 multos
300 1619 433 1698 offendi,
443 1642 535 1705 quos,
545 1623 572 1686 si
583 1621 668 1686 forte
682 1603 765 1686 haec
774 1621 948 1699 audierint,
958 1629 1085 1685 certum
1099 1620 1208 1687 habeo
1220 1621 1365 1687 dicturos

201 1792 239 1827 aa.
256 1781 326 1845 Ergo
337 1781 503 1847 Evfflcab,
516 1799 557 1849 ego
568 1783 621 1834 AB.
655 1783 766 1833 arbitror
781 1798 829 1831 cur
843 1783 907 1841 Put,
919 1781 1063 1831 arbitratur
1075 1782 1149 1848 (dus)
1160 1782 1243 1841 ABH,
1255 1782 1367 1832 arbitror

166 1843 222 1893 DC.
314 1859 351 1908 23·
366 1848 395 1896 in
405 1855 507 1898 tantum
519 1855 584 1899 most
595 1849 679 1910 codd,
690 1853 791 1897 tantum
804 1848 856 1896 HV
867 1848 917 1898 and
927 1847 984 1897 edd.
1078 1860 1116 1911 η.
1134 1863 1185 1898 non
1197 1848 1226 1897 in
1237 1847 1365 1898 rhetorum

167 1908 305 1962 Acidalius.
337 1912 442 1978 officinis
452 1915 534 1978 suppl.
547 1915 631 1964 Haase
643 1915 708 1976 (Cic.
720 1914 764 1964 Or.
778 1917 791 1972 5
804 1916 854 1975 12).
901 1940 904 1948 .
955 1927 993 1978 ²9·
1012 1929 1028 1962 a
1038 1913 1106 1964 vobr's
1116 1917 1135 1963 b
1146 1912 1286 1972 Rhenanus,
1299 1913 1367 1963 vobis

166 1975 240 2026 codd.
372 1993 411 2042 31·
425 1996 485 2044 quos
493 1980 612 2030 Pithoeus
623 1980 685 2044 (and
696 1977 901 2045 D),quodcodd.

166 2132 268 2183 Cicero:
287 2134 319 2183 de
331 2135 386 2184 Fin.
397 2135 414 2186 i.
427 2140 482 2199 §44
499 2142 628 2201 amputata
639 2137 741 2185 circum·
791 2134 844 2186 Cic.
857 2135 900 2185 Or.
913 2137 926 2192 5
937 2147 965 2197 15
984 2134 1026 2199 (de
1037 2135 1206 2185 Demosthene
1222 2169 1228 2183 .
1246 2171 1253 2184 .
1271 2172 1279 2185 .
1296 2135 1367 2186 cuins

165 2199 265 2263 cisaque
281 2200 399 2250 inanitate
416 2203 483 2250 omni
499 2209 525 2251 et
541 2217 638 2252 errore:
660 2201 741 2252 Acad.
790 2216 821 2249 ex
832 2200 946 2276 epistulis
957 2199 1067 2264 intellegi
1084 2200 1144 2250 licet
1161 2215 1235 2265 qnam
1252 2200 1366 2265 frequens

166 2264 191 2312 ii.
205 2267 274 2327 5138
293 2266 443 2316 circumcidit
460 2275 484 2316 et
500 2275 614 2332 amputat
630 2267 741 2317 multitu·
791 2266 863 2315 fuerit
875 2266 987 2314 Platonis
998 2267 1114 2327 auditor),
1124 2266 1205 2316 where
1215 2266 1259 2314 Dr.
1269 2265 1366 2330 Sandys

166 2329 267 2380 dinem:
284 2330 315 2380 de
327 2331 370 2380 Or·
383 2332 400 2380 i.
414 2339 426 2392 5
437 2331 469 2395 65
481 2333 540 2382 licet
551 2333 610 2383 hnic
620 2341 741 2396 qnantum
791 2330 873 2380 shows
884 2330 938 2380 that
950 2331 992 2379 the
1002 2330 1120 2380 tradition
1131 2346 1190 2395 may
1201 2333 1231 2381 be
1242 2332 1326 2381 tracen
1338 2347 1366 2381 as

168 2395 255 2460 cniqne
273 2396 397 2446 videbitur
414 2398 575 2448 circumcidat
593 2405 668 2463 atque
687 2413 740 2446 am·
791 2397 828 2445 far
839 2396 905 2446 back
921 2411 949 2445 as
965 2411 997 2444 an
1013 2411 1078 2444 anon
1095 2411 1165 2446 mous
1177 2397 1257 2446 writer
1273 2396 1366 2460 quoted

167 2467 237 2524 putet
250 2461 335 2525 (‘trim
346 2461 383 2510 olf
392 2462 440 2512 and
451 2463 496 2528 lop
508 2461 620 2527 uway‘):
640 2465 672 2513 de
684 2464 739 2513 Fin.
791 2464 825 2526 by
842 2462 996 2525 Hermippus
1015 2459 1052 2524 (at
1070 2412 1113 2509 the
1131 2461 1180 2510 end
1196 2459 1225 2511 of
1240 2461 1283 2511 the
1299 2461 1366 2511 third

167 2542 191 2574 v.
204 2531 217 2584 l
230 2540 262 2591 39
274 2543 313 2576 ars
325 2528 487 2592 agricolarum
499 2545 563 2594 quae
571 2529 739 2590 circumcidat,
791 2528 979 2590 centuryB.c.):
991 2541 1030 2576 see
1038 2526 1103 2576 Plut.
1113 2527 1186 2576 Dem.
1195 2528 1262 2588 chv,
1270 2527 1365 2591 andcp.

167 2599 287 2655 amputet
322 2592 373 2642 For
382 2594 425 2642 the
437 2593 521 2658 figure,
535 2595 609 2644 talren
622 2594 685 2643 from
698 2593 740 2644 the

167 2671 267 2721 process
277 2657 308 2706 of
319 2659 434 2724 pruning,
446 2675 485 2723 cp.
497 2667 638 2724 caprasi-res
649 2662 688 2710 18.
702 2674 741 2708 ao.

202 2725 263 2772 sins
280 2729 426 2784 apparatu,
438 2727 500 2774 ‘sins
517 2729 632 2785 honora,
650 2725 740 2774 ‘shorn

168 2785 199 2834 of
210 2786 247 2835 all
262 2787 307 2836 her
321 2796 394 2849 state,
406 2789 441 2839 all
457 2791 501 2841 her
515 2789 677 2851 adornment,’
689 2790 741 2842 like

167 2867 184 2901 a
195 2852 270 2902 fallen
281 2869 368 2917 queen.

201 2933 290 2975 paens
309 2923 445 2972 dixerim:
465 2922 504 2970 for
515 2920 565 2971 this
575 2921 676 2971 aoristic
687 2936 742 2986 per·

168 2981 226 3044 fect,
239 2999 280 3033 see
290 2985 334 3034 D‘.
349 2989 361 3044 5
373 2985 404 3036 ι8
416 2988 440 3037 b.

203 3061 241 3098 21.
259 3055 444 3112 rngsnuitats,
456 3052 513 3101 ‘the
528 3052 655 3103 condition
668 3051 698 3100 of
711 3067 743 3101 an

168 3113 294 3177 ingenuus
311 3117 387 3178 (Ann.
404 3117 455 3166 xiii.
474 3129 513 3182 η,
530 3118 590 3182 17):
613 3125 642 3167 tr.
661 3117 744 3166 ‘inde-

168 3179 312 3305 titii
319 3182 678 3310 litttlttttttttiit
688 3182 743 3296 lli·

169 3311 284 3372 quentiae
291 3317 418 3388 tamquam
424 3313 570 3364 ancillulam
576 3314 745 3380 pedisequam-

169 3389 217 3438 que
228 3376 368 3427 adiunxistr.

202 3444 406 3492 sordidissimis
423 3447 558 3497 artificiis.
593 3440 745 3495 ‘Sordidus’

169 3503 191 3552 is
198 3506 316 3572 specially
322 3511 382 3558 used
391 3509 439 3560 ofs
447 3507 650 3574 money-making
657 3509 744 3559 handi-

170 3570 248 3622 craft:
261 3574 327 3623 Ann.
336 3575 370 3624 xi.
379 3589 405 3638 5,
414 3589 438 3639 5.
471 3575 526 3625 The
535 3575 650 3640 opposite
659 3575 744 3625 would

170 3635 217 3684 be‘
227 3645 290 3688 artes
301 3639 426 3704 elegantes
434 3649 459 3691 et
468 3638 605 3704 ingenuae:
613 3657 641 3689 as
650 3641 703 3690 Cic.
712 3640 744 3690 de

170 3700 226 3750 Fin.
235 3702 270 3753 iii.
283 3709 328 3766 54.
351 3707 476 3755 Andresen
489 3707 549 3757 cites
561 3705 617 3754 Sen.
630 3707 677 3769 Ep.
690 3706 744 3761 108,

75 3789 79 3796 ·
170 3764 203 3828 36
214 3769 257 3831 qui
270 3769 456 3834 philosophiam
468 3771 536 3822 velut
551 3771 651 3834 aliquod
669 3770 744 3821 artifi-

170 3831 236 3880 cium
242 3834 329 3883 venale
336 3835 480 3911 didicerunt.
496 3836 550 3886 The
557 3836 673 3886 feminine
679 3837 743 3912 form

170 3897 580 4033 restaurarunt
612 3900 742 4016 milri]

204 4033 455 4086 rammam...
473 4035 744 4090 pmupmmasat

169 4092 237 4142 Anu.
248 4095 280 4144 vi.
291 4110 316 4158 4,
329 4110 351 4158 3.
386 4096 432 4160 Cp.
445 4096 530 4159 Quint.
542 4097 568 4147 ii.
584 4112 591 4144 ι
597 4110 621 4159 5,
636 4109 657 4146 1.

204 4172 242 4220 23.
259 4163 550 4212 intantum-tanturn:
564 4162 647 4211 Germ.
654 4160 703 4213 xlv.
713 4173 741 4221 31

169 4223 196 4272 in
206 4230 303 4275 tantum
315 4243 330 4274 a
340 4226 455 4276 libertate
465 4227 619 4290 degenerant.
652 4226 687 4275 So
699 4226 744 4276 fre·

170 4290 273 4366 quemly
284 4291 313 4342 in
324 4299 450 4368 quantum
461 4294 485 4342 2.
499 4304 545 4353 133
563 4294 659 4355 41.19:
676 4292 743 4342 Anu.

169 4358 580 4483 ”ittimlti'titm
601 4428 652 4474 ιι.
695 4421 744 4491 c..

792 2593 866 2656 Diog.
879 2593 961 2641 Laert.
975 2591 1009 2640 lii.
1021 2590 1061 2655 46.
1095 2591 1130 2640 So
1141 2592 1194 2642 Cic.
1207 2593 1275 2642 Brut.
1292 2597 1304 2650 5
1320 2605 1363 2640 121

791 2659 938 2709 lectitavisse
957 2656 1088 2707 Platonem
1106 2657 1221 2718 studiose,
1242 2658 1366 2707 audivisse

791 2723 866 2774 etiam
874 2722 1054 2773 Demosthenes
1062 2722 1164 2774 dicitur:
1178 2723 1282 2786 Quintil.
1289 2724 1332 2773 xil.
1342 2737 1365 2782 a,

793 2803 836 2848 ιι,
852 2802 939 2851 10,24:
951 2786 1172 2850 Aul.Gell.iii.13.
1186 2789 1241 2838 The
1247 2789 1366 2838 tradition

791 2853 1358 2983 tilithi.titttti‘itttil...

792 2985 835 3048 qui
856 2984 905 3044 his,
927 2991 954 3034 ut
981 2985 1077 3048 opinor,
1100 2984 1189 3045 verbis,
1213 2989 1260 3035 &a
1313 2957 1368 3034 The

792 3049 912 3100 reference
929 3050 951 3099 is
966 3056 994 3099 to
1005 3049 1048 3099 Or.
1062 3054 1075 3110 5
1088 3063 1116 3097 12
1134 3049 1213 3101 fateor
1229 3066 1269 3100 me
1285 3059 1368 3100 orato·

792 3131 853 3177 rem,
871 3116 891 3165 si
909 3116 985 3165 modo
1003 3115 1049 3164 sim
1065 3123 1108 3164 aut
1125 3117 1201 3165 etiam
1220 3117 1368 3182 quicumque

793 3182 849 3241 sim,
871 3197 921 3230 non
942 3198 973 3230 ex
994 3179 1116 3230 rhetorum
1140 3181 1245 3231 officinis
1271 3183 1314 3230 sed
1337 3196 1368 3230 ex

793 3247 946 3296 Academiae
968 3246 1056 3310 spatiis
1078 3246 1203 3306 extitisse;
1233 3247 1279 3296 illa
1300 3248 1368 3296 enim

794 3320 850 3362 sunt
868 3313 989 3362 curricula
1006 3310 1180 3374 multiplicium
1197 3313 1367 3376 variorumque

794 3392 934 3426 sermonum
959 3379 984 3426 in
1010 3376 1100 3442 quibus
1123 3377 1236 3427 Platonis
1259 3379 1367 3442 primum

794 3452 851 3492 sunt
861 3442 980 3507 impressa
991 3441 1104 3504 vestigia.
1137 3442 1185 3506 Cp.
1198 3443 1282 3506 Quint.
1290 3444 1332 3492 xii.
1344 3456 1367 3502 a,

796 3522 834 3570 23,
845 3508 924 3558 where
931 3508 1019 3557 scholis
1026 3506 1047 3554 is
1055 3506 1116 3556 used
1123 3507 1219 3558 instead
1228 3508 1257 3556 of
1264 3508 1368 3573 qfficr'm's

795 3573 975 3636 (‘mechanical
986 3569 1150 3636 workshops:
1166 3587 1194 3622 as
1210 3574 1278 3622 Brut.
1292 3575 1367 3633 532).

794 3640 828 3688 s0
840 3639 865 3688 in
876 3638 919 3688 ue
929 3623 1030 3687 debu.
1044 3636 1070 3685 u.
1086 3638 1228 3700 μῦσαι)
1240 3639 1330 3702 speaks
1342 3637 1370 3687 or

793 3701 1368 3768 hisrhetoricalworksssborderingonphilo·

794 3776 873 3836 sophy
883 3786 889 3819 ι
907 3784 945 3832 cp.
956 3769 1041 3830 Quint.
1050 3783 1074 3817 x.
1084 3780 1106 3828 1,
1115 3781 1144 3831 91
1158 3768 1368 3831 Philosophorum

793 3834 920 3949 {rirqpiblrlu
928 3834 1204 3948 plurirffiugrsettrczxisse
1213 3834 1369 3900 eloquentiae

823 3937 829 3949 .
867 3914 941 3948 urus
952 3914 999 3952 con
1029 3913 1090 3958 eur,

793 3964 1369 4096 ..ttttttttttttffaitt“titt

796 4096 955 4160 (Andresen),
967 4095 1067 4160 quidem
1080 4093 1154 4158 being
1165 4095 1301 4161 frequently
1308 4094 1369 4144 used

793 4161 856 4210 after
877 4162 997 4229 quoniam
1020 4169 1071 4224 (cp.
1089 4160 1188 4225 quando
1210 4159 1321 4225 quidem)
1343 4159 1368 4207 in

794 4227 897 4279 Cicero:
921 4242 942 4274 e.
952 4243 977 4290 g.
997 4223 1114 4291 quoniam
1134 4225 1234 4291 quidem
1254 4262 1260 4275 .
1279 4261 1286 4273 .
1305 4260 1312 4274 .
1332 4224 1369 4272 fni

794 4291 916 4347 inimicus.
934 4292 993 4340 Piso
1011 4291 1083 4352 §632
1110 4290 1184 4339 Rosc.
1202 4291 1367 4351 Amer.§31:

794 4355 1028 4424 quoniamquidem
1048 4392 1054 4404 .
1073 4393 1079 4406 .
1097 4391 1104 4408 .
1120 4357 1268 4408 sententiam
1286 4355 1369 4406 dicere

795 4423 929 4486 vetabatur,
942 4437 989 4489 pro
999 4420 1086 4475 Domo
1100 4418 1164 4487 569.
