3224 5080
266 326 328 372 110
656 308 891 373 CORNELII
912 307 1074 370 TACITI

306 486 377 553 40.
403 482 476 545 Iam
491 503 570 546 vero
592 480 762 546 contiones
781 481 934 544 assiduae
949 488 984 545 et
996 453 1468 563 datunfiu<mtentissimum

149 603 170 668 (Γ
262 571 701 679 quemqudrsiexandiatque
716 594 788 677 ipsa
804 593 1046 658 inimicitiarum
1062 593 1177 675 gloria,
1189 613 1265 656 cum
1281 612 1317 658 se
1332 593 1469 678 plurimi

262 684 458 774 disertorum
483 726 524 784 rm
546 726 566 769 a
591 705 709 769 Publio
731 705 865 796 quidem
889 704 1046 789 Scipione
1069 716 1127 771 aut
1142 705 1183 769 L.
1207 704 1300 770 Sulla
1323 715 1381 770 aut
1405 706 1468 770 Cn.

69 835 168 894 stunc
263 819 423 902 Pompeio
449 818 662 901 abstinerent,
685 826 719 882 et
745 819 788 882 ad
812 817 1022 904 incessendos
1045 817 1212 901 principes
1234 819 1331 901 viros,
1352 827 1390 881 ut
1414 824 1466 880 est

234 940 380 996 snatura
403 904 693 1012 invidiae},p0puli
714 949 848 1012 quoque
870 937 909 991 ut
928 928 1102 992 histriones
1127 930 1262 993 auribus
1284 939 1467 1004 uterentur,

192 1045 208 1104 t
262 1052 423 1125 quantum
449 1042 601 1105 ardorem
629 1041 775 1123 ingeniis
799 1061 880 1123 quas
903 1041 1088 1105 oratoribus
1110 1040 1196 1105 iaces
1218 1041 1445 1105 admovebant
1459 1033 1515 1110 lit*
1568 1060 1590 1088 ι’·

264 1155 341 1218 Non
357 1155 399 1218 de
416 1155 523 1218 otiosa
535 1162 569 1218 et
584 1153 698 1237 quieta
710 1174 744 1216 re
756 1152 922 1235 loquimur
934 1163 968 1217 et
979 1173 1064 1235 quae
1076 1153 1244 1234 probitate
1255 1161 1289 1216 et
1302 1140 1503 1217 modestia
1516 1139 1534 1162 '⁵

262 1267 416 1350 gaudeat,
447 1266 506 1330 sed
535 1275 587 1331 est
616 1286 738 1349 magna
767 1264 823 1329 illa
859 1273 893 1328 et
926 1265 1082 1328 notabilis
1112 1265 1301 1347 eloquentia
1329 1265 1468 1329 alumna

1560 543 1597 628 ‹

295 1431 342 1476 40.
361 1441 383 1489 5.
400 1427 431 1476 L.
440 1427 497 1476 add.
505 1427 593 1476 Ritter.
622 1427 693 1488 Sylla
704 1425 846 1489 ABEV,H,
858 1425 924 1474 Silla
936 1425 960 1473 V
968 1426 1017 1473 and
1029 1425 1085 1474 edd.
1097 1431 1166 1485 vett,
1178 1426 1235 1474 Sila
1246 1425 1325 1475 CAD.
1397 1438 1420 1487 5.
1438 1433 1469 1473 ut

262 1493 395 1542 histriones
404 1493 484 1541 Halm
496 1493 544 1542 aud
555 1492 621 1548 edd..
631 1499 656 1540 et
666 1492 798 1540 histriones
808 1490 880 1539 codd.
922 1491 1029 1539 auribus
1040 1489 1120 1551 codd,
1126 1491 1260 1554 plausibus
1273 1491 1368 1547 Haase,
1376 1491 1471 1555 populi

262 1558 457 1622 quoquepronis,
470 1566 501 1607 ut
510 1557 653 1615 histriones,
661 1557 767 1606 aurinis
779 1555 859 1605 Wolff
870 1555 944 1618 (after
950 1556 1131 1613 Weissenborn,
1143 1557 1231 1613 Halm,
1241 1557 1288 1604 and
1297 1556 1467 1616 Helmreich)‚

262 1624 395 1672 histriones
406 1638 501 1688 quoque
506 1624 598 1687 papuli
607 1623 713 1670 auribus
724 1621 862 1680 Acidalins,
869 1622 961 1686 populi
965 1627 1050 1685 poetae
1064 1637 1159 1686 quoque
1175 1629 1199 1669 et
1214 1622 1348 1670 histriones
1359 1621 1469 1670 aurr'hses

262 1688 369 1744 Vahlen,
381 1689 472 1752 populi
487 1703 582 1753 quoque
598 1694 629 1736 ut
644 1687 779 1736 histriones
796 1687 944 1736 clarioribus
962 1687 1134 1736 excitarentur
1149 1687 1241 1736 Novak
1258 1690 1309 1752 (cp.
1322 1687 1396 1736 codd.
1409 1687 1464 1735 Liv.

262 1753 336 1804 xxvii.
351 1753 455 1818 1513).
554 1763 576 1817 y.
594 1753 654 1802 Non
664 1753 732 1802 enim
742 1751 860 1802 Muretus.
1479 1775 1491 1782 -
1520 1761 1525 1766 '

263 1861 375 1910 Gramm.
390 1873 421 1908 10
431 1858 607 1909 Emtosmenes
617 1859 750 1924 multiplici
762 1860 840 1908 varia·
922 1861 998 1908 facea
1009 1861 1211 1909 admovebant:
1227 1873 1255 1908 so
1268 1861 1275 1885 ‘
1282 1858 1347 1908 laces
1359 1856 1467 1918 addere,'

262 1941 311 1989 que
333 1925 446 1975 doctrina
468 1925 628 1974 censebatur:
655 1942 694 1989 cp.
714 1924 769 1974 Sen.
791 1925 839 1989 Ep.
891 1923 958 1974 Hist.
971 1924 990 1973 i.
1005 1940 1044 1988 24,
1059 1937 1090 1973 1:
1106 1924 1186 1974 facem
1197 1923 1326 1988 praeferre,
1337 1925 1373 1972 ib.
1385 1925 1411 1972 ii.
1425 1923 1468 1984 86,

264 1990 303 2054 76,
321 1991 353 2040 8:
377 1991 452 2039 Mart.
469 1991 486 2039 i.
504 1988 544 2049 61,
564 2003 595 2052 5:
620 1992 653 2039 ix.
675 1990 714 2052 16,
732 2003 761 2053 5:
780 1990 839 2040 Val.
892 2003 930 2038 ao.
965 1989 1016 2039 For
1031 1990 1073 2038 the
1088 1989 1166 2052 figure
1181 2005 1220 2052 cp.
1235 1989 1426 2053 Quint.i.1.25
1441 1991 1468 2038 id

263 2056 332 2104 Max.
344 2071 368 2104 v.
382 2070 404 2119 3,
417 2069 439 2118 3.
888 2055 961 2104 nobis
972 2056 1078 2104 acriores
1089 2054 1122 2103 ad
1130 2054 1211 2104 studia
1223 2055 1320 2104 dicendi
1331 2055 1398 2104 faces
1410 2057 1468 2104 sub

295 2125 342 2171 40.
365 2134 386 2170 2.
407 2124 469 2178 ipsa
495 2123 711 2170 inimicitiarum
738 2123 837 2178 gloria.
890 2120 996 2170 didisse:
1015 2120 1069 2171 Cic.
1086 2120 1117 2169 de
1132 2120 1175 2169 Or.
1190 2121 1226 2168 iii.
1240 2125 1252 2180 5
1266 2121 1334 2183 4hic
1350 2135 1407 2169 cum
1420 2157 1427 2170 .
1441 2158 1468 2169 ..

263 2189 310 2252 Cp.
319 2187 386 2235 Hist.
396 2186 422 2234 ii.
431 2200 471 2249 53,
482 2193 548 2248 5ut.
562 2221 568 2233 .
581 2185 694 2251 magnis
701 2186 838 2234 inimicitiis
888 2186 1008 2250 Philippo
1024 2185 1095 2249 quasi
1111 2186 1233 2250 quasdam
1249 2187 1380 2234 verborum
1399 2187 1469 2236 faces

263 2253 415 2303 claresceret.
442 2251 476 2301 So
487 2251 541 2301 also
553 2251 591 2302 ch.
603 2252 643 2304 37.
655 2250 743 2312 above,
753 2249 838 2300 adfin.
888 2251 1055 2300 admovisset:
1073 2251 1099 2300 ii.
1119 2255 1133 2309 5
1152 2264 1198 2313 205
1214 2251 1262 2299 hae
1278 2251 1376 2300 dicendi
1391 2252 1468 2301 faces.

297 2321 510 2380 3.d1aertornm.
529 2317 580 2365 For
590 2317 633 2367 the
644 2316 759 2381 partitive
767 2316 836 2380 geni·
888 2315 922 2365 So
939 2315 1024 2365 nithe
1041 2315 1101 2380 fiery
1112 2316 1210 2365 furnace
1228 2315 1257 2365 oi
1270 2315 1398 2376 afflictiou‚
1411 2317 1468 2366 Cic.

262 2385 312 2460 tire
330 2381 393 2432 atter
404 2381 528 2448 plurimi,
547 2398 586 2447 cp.
610 2384 676 2432 Anu.
695 2382 726 2430 iv.
745 2392 785 2445 57,
805 2394 837 2444 5:
887 2382 919 2495 pe
931 2379 980 2430 Off.
993 2381 1018 2432 ii.
1033 2385 1046 2439 5
1060 2391 1091 2444 37
1103 2380 1218 2430 dolorum
1229 2396 1287 2430 cum
1303 2382 1470 2432 admoventur

263 2465 295 2498 vr.
311 2461 400 2511 22,15.
896 2461 960 2496 aces.

263 2530 362 2628 shriirld1
362 2518 393 2628 ise
402 2513 838 2642 isiennrilbklgawiihzdihiissehcihi
888 2515 1037 2626 Miierlrii'sl’ls
1048 2512 1470 2642 :lpideglhconlliohrietglirisflhgigrrtiiii

257 2645 385 2710 principes
396 2644 479 2694 viros:
497 2643 561 2693 Hor.
574 2645 632 2694 Car.
643 2643 670 2693 ii.
686 2656 723 2701 ro,
737 2656 809 2706 5·1²·
888 2659 904 2691 a
920 2642 1009 2692 lacuna
1025 2642 1051 2691 in
1066 2642 1148 2692 which
1165 2642 1206 2692 the
1224 2642 1276 2692 first
1292 2652 1348 2707 part
1365 2642 1394 2692 os
1408 2643 1429 2692 it
1447 2645 1469 2692 is

296 2722 319 2772 5.
353 2713 452 2767 populi
481 2723 593 2767 quoque
623 2714 657 2757 ut
684 2712 837 2758 histriones
888 2707 1045 2757 lostaswell
1059 2707 1138 2757 asthe
1153 2707 1201 2757 last
1213 2715 1268 2772 part
1280 2709 1309 2757 of
1316 2707 1359 2757 the
1374 2709 1468 2773 speech

263 2779 380 2824 auribus
400 2774 556 2825 uterentur.
591 2774 654 2822 This
676 2773 779 2837 reading
800 2773 837 2821 in·
888 2772 918 2822 ol
926 2773 969 2822 the
980 2773 1095 2837 previous
1106 2773 1210 2838 speaker
1223 2773 1374 2838 (Secundusl
1398 2775 1467 2824 Mes·

262 2841 348 2889 volves
365 2839 424 2903 only
435 2841 477 2890 the
493 2839 588 2904 change
603 2840 632 2888 os
644 2840 686 2889 the
702 2839 755 2888 MS.
771 2845 795 2887 et
811 2846 838 2887 to
888 2837 1005 2901 saltari),
1017 2853 1058 2888 see
1070 2838 1165 2888 Introd.
1180 2855 1204 2902 p.
1217 2839 1259 2886 xli.

262 2914 300 2965 ut,
313 2907 350 2955 sor
362 2905 444 2955 which
461 2921 501 2970 cp.
519 2908 558 2954 22.
578 2920 617 2955 20.
651 2905 706 2954 The
723 2905 795 2968 point
811 2903 842 2952 of
922 2907 1013 2954 otiose
1034 2909 1064 2952 et
1082 2907 1188 2962 quieta,
1209 2903 1289 2968 ‘quiet
1309 2903 1358 2952 and
1378 2920 1468 2968 peace-

263 2971 428 3020 resemblance
437 2971 546 3020 between
555 2970 597 3020 the
609 2971 777 3034 demagogues
788 2969 838 3018 and
888 2966 970 3018 able':
989 2985 1027 3033 cp.
1040 2972 1079 3019 38.
1091 2969 1123 3018 ad
1135 2969 1176 3020 fin.
1188 2970 1257 3033 quies
1271 2977 1296 3018 et
1307 2970 1396 3018 otium.
1431 2969 1467 3018 So

262 3037 305 3086 the
323 3044 404 3085 actors
421 3037 443 3084 is
460 3035 514 3085 that
536 3035 578 3084 the
598 3035 686 3084 former
703 3035 785 3085 seized
805 3051 837 3084 on
889 3035 942 3084 Cic.
953 3033 1014 3098 leg.
1023 3035 1086 3097 Agr.
1096 3035 1120 3082 ii.
1134 3039 1146 3093 5
1159 3047 1204 3082 102
1217 3035 1293 3083 etiam
1303 3036 1365 3084 istos
1375 3036 1467 3099 quibus

263 3101 323 3152 such
340 3101 520 3164 opportunities
541 3115 568 3149 as
584 3101 642 3164 they
658 3101 733 3150 could
752 3107 794 3164 get
812 3099 841 3149 ot'
889 3101 949 3149 odio
964 3106 1000 3149 est
1012 3101 1091 3150 otium
1103 3100 1270 3163 quietissimos
1280 3107 1354 3164 atque
1366 3101 1467 3149 otiosis·

263 3166 377 3230 working
393 3181 427 3229 np
444 3165 486 3213 the
503 3165 616 3229 passione
636 3166 686 3213 and
703 3165 838 3229 prejudices
889 3165 966 3214 simos
989 3165 1106 3214 reddam:
1132 3166 1165 3216 ib.
1182 3169 1194 3223 5
1209 3175 1254 3228 77:
1275 3166 1306 3214 de
1323 3166 1379 3215 Sen.
1398 3169 1412 3224 5
1433 3167 1464 3215 82

263 3232 292 3281 os
300 3232 342 3281 the
352 3231 434 3280 whole
451 3230 519 3293 body
530 3230 560 3280 of
572 3230 613 3278 the
630 3231 727 3294 people,
741 3231 837 3280 instead
888 3231 996 3279 otiosam
1007 3238 1032 3280 et
1042 3231 1151 3295 quietam
1162 3238 1277 3280 aetatem

262 3298 292 3346 os
302 3296 428 3361 confining
444 3296 507 3345 their
524 3295 620 3345 attacks
637 3305 663 3344 to
679 3297 838 3345 deliberative
922 3296 946 3346 8.
964 3299 1080 3344 alumna
1095 3299 1235 3345 licentiae.
1270 3297 1359 3346 Cicero
1376 3312 1409 3344 on
1423 3295 1467 3346 the

263 3362 407 3412 assemblies
422 3362 482 3411 such
499 3377 527 3411 as
543 3361 585 3410 the
601 3369 691 3420 senate,
705 3377 733 3411 or
750 3369 777 3410 to
794 3361 837 3410 the
889 3361 959 3410 other
974 3361 1040 3409 hand
1057 3377 1112 3425 says
1124 3364 1131 3386 ‘
1141 3362 1212 3424 pacis
1225 3369 1262 3411 est
1272 3377 1357 3410 comes
1371 3362 1468 3425 otiique

263 3429 315 3477 still
331 3443 400 3476 more
414 3426 503 3476 formal
519 3427 654 3492 procedure
666 3427 694 3475 ol
702 3427 744 3476 the
756 3434 837 3476 conrts
888 3427 957 3475 socia
979 3433 1003 3475 et
1025 3427 1076 3475 iam
1099 3428 1160 3476 bene
1186 3427 1334 3476 constitutae
1356 3427 1468 3476 civitatis

264 3493 292 3541 ol
308 3493 364 3542 law.
406 3492 457 3541 For
475 3493 516 3541 the
539 3493 631 3542 licence
651 3492 680 3541 oi
698 3501 778 3541 actors
797 3507 837 3540 see
887 3492 958 3555 quasi
975 3491 1075 3540 alumna
1090 3491 1383 3556 quaedam-eloquentia’
1394 3493 1466 3542 Brut.

263 3559 320 3608 Val.
333 3558 401 3607 Max.
413 3558 445 3607 vi.
459 3573 481 3614 2,
491 3573 521 3622 9:
537 3558 590 3607 Cic.
601 3574 647 3621 pro
658 3558 719 3607 Sest.
732 3557 837 3606 lvi-lvii.
890 3562 902 3616 5
915 3571 963 3619 45:
982 3573 1021 3622 cp.
1034 3557 1066 3606 de
1077 3556 1120 3606 Or.
1134 3558 1160 3606 ii.
1175 3561 1187 3615 5
1202 3571 1233 3617 50
1248 3558 1273 3604 in
1289 3559 1357 3606 omni
1373 3566 1467 3621 pacata

263 3625 311 3672 But
327 3623 341 3672 I
357 3631 445 3673 cannot
462 3623 522 3687 help
538 3623 653 3687 thinking
672 3623 725 3672 that
744 3628 768 3672 et
783 3622 836 3670 his·
888 3629 913 3672 et
928 3623 1007 3672 libera
1023 3622 1123 3671 civitate
1139 3622 1295 3672 dominatur:
1315 3623 1348 3671 ib.
1364 3624 1381 3671 i.
1401 3627 1414 3681 5
1434 3638 1468 3684 30

261 3688 576 3752 trionesmaybeagloss.
604 3688 660 3736 The
672 3696 724 3738 true
736 3688 838 3751 reading
887 3687 949 3737 haec
976 3704 1026 3737 una
1050 3703 1088 3736 res
1112 3687 1138 3735 in
1166 3689 1236 3736 omni
1262 3688 1341 3736 libero
1367 3688 1467 3752 populo

262 3770 322 3818 may
338 3755 369 3803 be
390 3753 482 3818 simply
498 3753 601 3818 ‘populi
621 3769 719 3817 qnoque
739 3753 837 3802 auribus
887 3753 1043 3817 maximeque
1060 3753 1085 3800 in
1100 3755 1194 3816 pacatis
1208 3753 1393 3816 tranquillisque
1406 3755 1468 3803 civi·

262 3816 413 3870 uterentur’:
432 3834 471 3882 cp.
484 3819 546 3867 Enn.
561 3835 602 3883 ap.
618 3819 684 3868 Non.
703 3817 750 3879 306
768 3834 837 3867 more
887 3818 979 3868 tatibus
996 3819 1127 3882 praecipue
1144 3834 1241 3883 semper
1255 3817 1338 3866 floruit
1355 3834 1467 3884 semper-

262 3885 365 3948 antiquo
386 3883 478 3934 audibo
499 3892 572 3948 atque
591 3899 663 3933 aures
683 3883 729 3933 tibi
753 3891 838 3933 contra
888 3899 936 3948 que
943 3884 1071 3932 dominata
1078 3890 1121 3931 est.
1140 3884 1194 3933 The
1203 3884 1359 3947 antagonism
1368 3883 1389 3932 is
1397 3885 1467 3934 tobe

262 3951 367 3999 utendas
389 3949 553 3999 dabo.—The
575 3949 712 4012 conjecture
736 3950 838 4014 ‘pronis
888 3949 1019 4012 explained
1027 3948 1467 4014 byrecognisingthedifferentpoint

262 4012 376 4066 auribus’
395 4015 416 4064 is
437 4015 571 4079 supported
590 4017 623 4079 by
641 4015 706 4064 Hist.
726 4015 744 4064 i.
766 4029 787 4073 r,
808 4028 838 4063 10
889 4015 917 4062 ol
932 4015 994 4062 view
1006 4015 1070 4062 from
1086 4014 1167 4064 which
1184 4013 1273 4063 Cicero
1283 4015 1372 4062 writes.
1409 4015 1467 4063 Ma·

263 4081 411 4131 obtrectatio
434 4088 458 4130 et
481 4081 544 4130 livor
566 4080 651 4145 pronis
676 4080 776 4130 auribus
798 4096 837 4130 ac·
888 4087 971 4128 ternus
982 4080 1003 4128 is
1011 4079 1126 4142 thinking
1135 4079 1164 4128 os
1169 4080 1211 4128 the
1219 4079 1332 4142 political
1344 4079 1467 4129 divisione

262 4149 392 4211 cipiuntur.
644 4195 652 4202 ,
888 4152 914 4194 at
926 4145 1031 4204 Athens,
1045 4153 1088 4193 out
1102 4145 1132 4193 oi
1139 4144 1220 4194 which
1236 4160 1304 4193 some
1321 4146 1379 4208 gain
1393 4161 1467 4195 caure

295 4211 320 4262 6.
344 4216 481 4261 ardorem.
516 4211 569 4261 Cic.
591 4211 657 4261 Brut.
680 4215 692 4270 5
712 4225 744 4275 93
766 4210 839 4260 ardor
889 4218 916 4260 to
933 4217 1041 4273 oratory,
1059 4210 1108 4258 and
1124 4211 1186 4268 also,
1204 4225 1237 4259 no
1256 4211 1341 4270 doubt,
1360 4209 1388 4258 ol
1403 4212 1465 4260 such

263 4278 341 4392 angrpi
358 4292 519 4390 ¹¹⁰⁰.⁵⁸¹.¹ff‘¹
535 4277 612 4391 adestt
623 4278 691 4340 isque
704 4293 764 4390 cupi
780 4291 837 4325 con·
888 4291 920 4389 pp
931 4276 1096 4390 Iizncidentcas
1112 4275 1162 4351 the.
1173 4275 1466 4390 Grpctphanthrevolutippl

263 4360 316 4392 ser
352 4357 432 4391 omnis
456 4355 465 4389 r
487 4359 502 4390 a
524 4358 561 4391 vrs
588 4359 602 4392 e
658 4357 711 4391 uasr
756 4357 838 4390 amma
954 4356 1025 4400 ome;
1071 4355 1138 4389 icero
1154 4355 1176 4388 rs
1194 4356 1233 4389 sa
1253 4357 1268 4388 n
1331 4356 1345 4388 e
1381 4357 1426 4390 ene

264 4408 369 4458 oratoris
379 4407 549 4472 exstinguitur.
641 4357 658 4406 q
888 4405 1011 4470 principle
1032 4405 1087 4457 that
1103 4405 1245 4472 eloquenoe,
1262 4356 1313 4456 titre
1332 4357 1381 4456 theg
1393 4406 1468 4456 other
