3224 5080
225 290 273 368 56
627 289 860 354 CORNELII
882 287 1046 354 TACITI

189 511 197 528 .
224 475 367 546 quprum
393 459 452 525 vix
478 460 646 563 risummin
673 459 872 544 quibusdam
898 468 1010 525 autem
1040 459 1099 524 vix
1125 480 1280 524 somnum
1306 468 1429 524 tenere.

222 563 307 638 'Nec'
317 593 419 638 unum
434 574 477 638 de
499 562 623 657 popul'o
648 571 770 638 Canuti
793 584 851 637 aut
866 572 943 638 Atti
958 570 978 616 *
994 570 1014 646 ἦ*
1030 573 1073 636 de
1092 573 1215 637 Furnio
1231 582 1266 637 et
1281 573 1430 638 Toranio

226 687 350 769 quique
372 684 435 750 alii
458 706 569 750 omnes
591 686 625 749 in
653 686 772 750 eodem
797 685 1039 776 valetudinario
1068 684 1150 750 haec
1177 706 1254 750 ossa
1279 696 1314 750 et
1341 687 1429 752 hanc
1497 683 1507 699 ‘

24 817 29 825 “
130 805 155 829 ”
198 799 366 866 tmacIem
392 799 570 881 praebent:
602 797 673 881 ipse
698 797 778 862 inihi
805 797 936 875 Calvus,
958 817 1033 862 cum
1056 815 1159 860 unum
1185 806 1219 862 et
1240 799 1368 881 viginti,
1392 806 1431 862 ut
1481 815 1491 853 r·

225 921 318 994 puta,
342 910 443 975 libros
471 909 649 992 reliquerit,
674 909 733 972 vix
763 911 797 974 in
820 930 886 973 una
916 919 949 974 et
975 909 1079 1000 altera
1108 908 1316 974 oratiuncula
1348 909 1431 974 satis
1458 935 1488 976 :r
1516 901 1525 948 ’-

225 1023 312 1089 facit.
357 1024 429 1088 Nec
447 1023 619 1087 dissentire
634 1032 762 1088 ceteros
784 1021 828 1086 ab
850 1021 914 1086 hoc
936 1002 1148 1088 meoiudicio
1164 1023 1282 1100 video;
1305 1032 1431 1108 quotus
1451 1039 1502 1068 v
1515 1005 1536 1076 s·

226 1137 314 1200 enim
329 1135 469 1218 quisque
485 1134 579 1200 Calvi
590 1135 624 1198 in
634 1133 782 1200 Asitium
798 1134 906 1199 autin
919 1135 1066 1198 Drusum
1083 1134 1189 1218 legit?
1227 1134 1279 1200 At
1296 1135 1431 1201 hercule

259 1286 281 1334 3.
299 1271 371 1322 Alter
378 1271 439 1322 Arri
449 1269 529 1320 Halm
539 1285 683 1335 supposesa
692 1270 782 1320 lacuna
792 1287 798 1327 z
822 1270 882 1320 read
893 1269 970 1334 perha
990 1271 1165 1321 s‘Necunum
1176 1270 1207 1319 de
1219 1269 1325 1335 populo,
1336 1270 1432 1320 Canuti

226 1338 285 1400 (Hb
297 1339 362 1397 Pur..
374 1337 472 1386 Sanuti
482 1337 509 1396 B,
523 1337 623 1386 Ganuti
632 1335 691 1400 AC)
701 1343 744 1385 aut
754 1337 808 1386 Atti
819 1336 927 1401 ineptias
939 1286 1086 1401 rassrentcm
1102 1337 1212 1394 nomino,
1223 1351 1274 1384 non
1285 1335 1384 1399 dr'sputo
1396 1337 1430 1384 de

225 1400 336 1460 Fumio‚'
347 1406 394 1452 &c
428 1403 497 1451 Most
508 1401 565 1451 edd.
575 1401 646 1465 (after
658 1403 801 1451 Gronovius
816 1403 865 1451 and
877 1401 1033 1467 Nipperdey)
1046 1402 1104 1452 read
1117 1402 1189 1452 ‘Nec
1200 1417 1277 1451 unum
1288 1403 1320 1450 de
1331 1401 1430 1467 populo

225 1468 358 1518 nominabo
374 1468 509 1518 Canutium
526 1474 568 1517 aut
585 1467 686 1517 Arrium
702 1467 743 1516 vel
761 1467 867 1516 Fumios
884 1475 908 1518 et
925 1466 1063 1517 Toranios?
1244 1467 1353 1516 Toranio
1371 1467 1429 1528 BH,

228 1533 336 1584 Coranio
348 1532 428 1582 ADC.
577 1547 601 1596 4.
617 1533 711 1598 quique
721 1532 772 1581 alii
778 1548 862 1582 omnes
872 1533 893 1583 is
903 1549 946 1596 my
954 1532 1027 1594 conj,
1035 1531 1128 1598 quiquo
1138 1533 1202 1582 alios
1211 1532 1257 1581 AB
1268 1534 1295 1597 (i.
1304 1547 1326 1582 e.
1334 1533 1370 1580 ali
1377 1533 1429 1594 oi),

226 1601 289 1648 alios
298 1599 378 1657 CAD,
389 1613 437 1664 qne
447 1598 511 1647 alin
521 1598 585 1658 EV,.
701 1599 766 1646 lam
778 1597 881 1648 maciem
892 1598 976 1658 codd,
987 1599 1045 1648 haec
1056 1599 1145 1648 niacies
1157 1599 1298 1648 Gronovius
1309 1599 1358 1647 and
1369 1599 1429 1648 edd.
1476 1625 1482 1632 ·

227 1679 251 1728 5.
262 1665 384 1728 praebant
394 1665 484 1724 Ritter,
494 1664 605 1728 probant
615 1664 699 1722 codd,
706 1663 821 1726 produnt
832 1664 969 1720 Acidalius.
976 1662 1129 1728 praeferrent
1139 1663 1228 1715 Wolff.
1271 1665 1294 1713 8.
1313 1664 1431 1713 Asitium

225 1729 384 1792 ABCADH,
395 1729 512 1778 Asiciurn
521 1729 552 1789 E,
563 1729 645 1778 asiciri
656 1729 699 1794 v,
712 1728 810 1778 arculo
821 1729 943 1794 CDEV,:
961 1731 1040 1780 hercle
1051 1730 1104 1778 AB.

260 1859 284 1908 3.
297 1859 388 1894 unum
398 1849 434 1896 de
444 1848 558 1905 populo,
574 1847 638 1895 ‘one
650 1847 679 1895 of
686 1846 728 1895 the
739 1843 802 1894 rank
852 1845 1007 1910 sanguinem.
1050 1845 1098 1910 Cp.
1122 1845 1211 1908 below,
1235 1845 1323 1896 Oratio
1345 1851 1431 1894 autem

226 1912 276 1960 and
297 1909 356 1960 file.'
398 1911 445 1974 Cp.
471 1911 525 1961 Cic.
549 1910 617 1962 Brut.
644 1917 656 1971 5
682 1925 730 1972 320
751 1927 801 1960 non
852 1912 916 1962 sicut
939 1927 1030 1976 corpus
1051 1911 1167 1971 hominis,
1188 1915 1242 1971 &c.,
1263 1911 1313 1960 and
1334 1927 1375 1960 see
1395 1926 1431 1959 on

226 1991 315 2091 dghvthss
323 1991 443 2092 :udliSFill
451 1974 568 2102 ippppg}
577 1977 803 2094 ffimepestppffipr
847 1978 994 2108 ffrllolllrtntxl‘
1002 1981 1077 2092 {loll
1088 1975 1236 2106 vlll'at6ilfey⁷
1241 1976 1430 2104 ⁷ar-e'T:hiel9.MyS:

227 2107 259 2157 de
271 2107 319 2156 Off.
331 2108 348 2156 i.
362 2111 375 2166 8
390 2121 443 2172 109.
853 2109 913 2158 Luc.
944 2108 1030 2158 Phars.
1057 2109 1110 2158 viii.
1135 2110 1194 2172 121)
1216 2107 1325 2157 iuduced
1349 2107 1432 2158 Halm

261 2176 380 2223 (lenatia
431 2171 555 2238 probably
598 2173 626 2222 P.
672 2171 802 2232 Canutius,
855 2173 997 2238 (following
1019 2173 1170 2236 Gronovius)
1192 2181 1219 2224 to
1240 2174 1300 2224 read
1322 2187 1432 2238 quasque

227 2238 312 2287 whom
325 2238 412 2288 Cicero
423 2238 545 2288 mentions
562 2239 588 2288 in
603 2239 692 2289 Brutus
706 2239 730 2303 (5
742 2237 801 2302 ²05)
853 2240 934 2302 alios.
948 2275 973 2288 ..
988 2239 1045 2288 haec
1057 2241 1153 2289 macies.

229 2304 353 2368 ‘aequalis
380 2319 458 2364 meus,
486 2305 563 2354 homo
594 2311 663 2354 extra
690 2311 803 2354 nostrum
887 2319 910 2367 5.
928 2307 1041 2366 calvus,
1056 2304 1163 2354 aleader
1173 2320 1267 2369 among
1278 2304 1320 2364 the
1334 2305 1432 2354 stricter

229 2370 339 2419 ordinem
352 2385 409 2419 meo
425 2368 718 2420 iudiciodisertissimus.’
753 2370 801 2434 Cp.
854 2370 976 2420 Atticists.
1010 2369 1057 2420 See
1069 2386 1101 2419 on
1114 2371 1153 2424 17.
1166 2385 1190 2434 4.

227 2451 274 2550 pro
292 2435 397 2512 Cluent·
410 2440 468 2512 §.50¹
481 2437 612 2512 accusabat
628 2436 664 2513 P.¹
674 2436 803 2512 Canutius,
856 2501 861 2512 1
888 2437 912 2485 6.
927 2439 978 2484 vix
993 2439 1025 2485 iu
1040 2451 1099 2484 uua
1115 2442 1145 2485 et
1162 2440 1258 2496 ntem,
1275 2436 1293 2485 i.
1302 2451 1323 2484 e.
1340 2433 1433 2498 hardly

228 2501 804 2630 ..tiltlnitlllt‘ltltttbittit
854 2502 1198 2631 ininitiabili
1215 2502 1357 2616 irath
1373 2516 1432 2617 {tl

229 2633 315 2682 simus.
347 2633 417 2696 Aper
427 2633 489 2682 took
501 2648 516 2681 a
527 2632 639 2682 different
650 2633 721 2682 view.
855 2632 896 2694 46,
911 2647 941 2682 10
951 2633 972 2681 si
987 2633 1053 2681 ultra
1069 2649 1145 2682 unam
1162 2633 1313 2697 alteramque
1329 2640 1432 2681 noctem

263 2701 334 2747 Atti.
380 2698 444 2747 This
467 2697 507 2762 (or
533 2698 617 2747 rather
636 2697 692 2758 Ati)
717 2697 739 2746 is
761 2696 804 2746 the
855 2699 998 2748 attineretur
1011 2699 1068 2762 (ie.
1081 2698 1179 2762 beyond
1195 2715 1210 2748 a
1224 2697 1341 2758 second):
1359 2697 1432 2748 Hist.

229 2764 333 2828 reading
344 2763 373 2812 of
381 2769 447 2812 most
458 2761 531 2812 MSS.
560 2762 805 2813 InthePuteolauus
855 2779 878 2812 v.
891 2763 916 2822 6,
931 2776 959 2811 12
975 2779 1051 2812 unum
1068 2770 1144 2828 atque
1160 2764 1265 2814 alterum
1282 2763 1364 2812 lacum

232 2829 320 2893 (1475)
343 2844 381 2878 we
403 2828 455 2877 find
475 2830 530 2888 Ari,
552 2829 602 2878 aud
624 2837 690 2879 most
712 2829 805 2878 editors
855 2828 954 2892 perfluit
967 2830 994 2894 (i.
1002 2845 1024 2878 e.
1035 2837 1087 2879 two
1099 2829 1189 2891 lakes).
1218 2829 1432 2886 Baehrenshow-

230 2893 380 2944 understand
406 2895 449 2943 the
476 2895 598 2944 reference
620 2902 647 2944 to
670 2896 701 2944 be
722 2901 750 2943 to
773 2895 804 2956 Q.
855 2910 920 2954 ever,
941 2894 994 2958 lays
1009 2893 1084 2944 down
1102 2895 1144 2944 the
1163 2895 1214 2944 law
1230 2895 1295 2955 that,
1313 2894 1397 2944 where
1414 2909 1432 2944 a

230 2959 316 3009 Arrius
330 2961 546 3024 (praetoriano.
561 2958 602 3021 73)
622 2959 705 3009 whom
717 2959 806 3010 Cicero
856 2959 998 3024 copulative
1020 2959 1124 3024 particle
1146 2961 1168 3012 is
1189 2961 1258 3020 used,
1279 2961 1321 3009 the
1341 2959 1433 3024 phrase

230 3025 354 3074 mentions
375 3025 424 3074 less
444 3025 592 3088 favourably
609 3026 636 3075 iu
654 3025 697 3076 the
716 3026 806 3077 Brutus
856 3026 901 3074 has
918 3025 959 3075 the
976 3025 1044 3076 force
1061 3025 1088 3076 of
1102 3027 1223 3088 nonnulli
1242 3042 1270 3075 or
1285 3027 1430 3088 complures,

232 3095 348 3152 §rar-3.
855 3091 932 3140 while
950 3091 1012 3140 with
1035 3107 1050 3142 a
1071 3091 1218 3153 disjunctive
1240 3091 1344 3156 particle
1366 3092 1386 3138 it
1404 3115 1425 3132 =

263 3158 381 3204 Furnio.
406 3155 488 3204 There
495 3170 547 3203 was
559 3153 660 3205 afriend
670 3156 699 3205 of
708 3156 805 3218 Cicero,
851 3157 944 3221 pauci:
962 3157 994 3208 he
1004 3156 1088 3206 would
1101 3157 1223 3208 therefore
1238 3157 1296 3207 read
1314 3172 1369 3206 una
1384 3163 1433 3206 aut

230 3221 313 3272 called
325 3221 355 3270 C.
368 3220 489 3270 Furnius:
507 3221 540 3269 ad
550 3221 619 3269 Fam.
631 3223 696 3270 xxiv.
712 3222 784 3284 25-6.
856 3224 945 3282 altera,
965 3223 1099 3287 especially
1117 3238 1150 3270 on
1168 3223 1211 3272 the
1227 3223 1324 3287 ground
1341 3222 1370 3272 of
1383 3222 1431 3270 vix

264 3290 395 3336 Toranio.
437 3287 519 3335 There
538 3301 602 3336 were
621 3292 672 3336 two
695 3287 806 3349 Toranii,
859 3286 907 3352 (cp.
926 3286 1011 3338 Germ.
1029 3289 1061 3338 vi.
1079 3303 1095 3353 9
1112 3289 1154 3338 vix
1171 3289 1215 3336 uni
1231 3288 1346 3337 alterive:
1365 3287 1429 3336 Plin.

230 3352 311 3402 father
329 3352 378 3402 and
395 3367 449 3401 son.
482 3351 537 3400 The
556 3352 647 3401 former
662 3369 715 3402 was
731 3354 806 3403 Oeta·
857 3354 905 3417 Ep.
927 3369 950 3404 v.
975 3367 1016 3414 ao,
1041 3367 1069 3417 15
1092 3354 1235 3418 eloquentia
1257 3355 1299 3402 vix
1319 3355 1362 3402 uui
1388 3360 1433 3402 aut

230 3416 307 3468 vius’s
329 3425 409 3468 tutor:
433 3417 501 3467 Suet.
530 3419 597 3483 Aug.
625 3419 716 3470 xxvii:
748 3418 806 3468 Val.
857 3419 929 3468 alteri
941 3419 1083 3484 contingit).
1118 3419 1221 3470 Forthe
1236 3419 1354 3482 meaning
1368 3421 1432 3468 ‘one

230 3484 300 3533 Max.
312 3483 346 3532 ix.
361 3497 398 3543 11,
412 3493 435 3544 5.
857 3500 886 3534 or
901 3482 968 3544 two‚'
987 3489 1019 3534 ‘a
1035 3481 1099 3545 few,'
1115 3501 1155 3549 cp.
1173 3485 1223 3536 chr.
1241 3488 1266 3535 9.
1283 3499 1327 3536 20:
1346 3487 1386 3534 29.
1402 3497 1431 3534 a:

264 3565 287 3612 4.
305 3553 337 3598 in
349 3553 448 3598 eodem
458 3553 675 3610 valetudinario,
687 3564 720 3600 sc.
731 3546 806 3600 ὄντες.
857 3551 907 3600 aud
930 3552 970 3600 89.
997 3565 1027 3613 13
1050 3551 1123 3610 (unus
1144 3558 1189 3601 aut
1216 3549 1305 3613 alten:
1333 3550 1433 3614 exactly

232 3614 494 3678 Cp.Sen.Ep.xxvii.
511 3623 662 3679 rtamquam
677 3616 703 3664 in
717 3615 806 3666 eodem
857 3615 961 3680 parallel
987 3632 1028 3666 are
1051 3616 1118 3665 Hist.
1135 3617 1153 3666 i.
1173 3617 1213 3677 83,
1235 3630 1281 3679 24:
1308 3617 1374 3665 Anu.
1395 3615 1432 3665 iii.

231 3680 413 3730 valetudinario
424 3681 526 3743 iaceam,
539 3681 571 3730 de
583 3682 710 3730 communi
724 3688 807 3730 tecum
857 3692 898 3745 47,
926 3695 956 3744 5:
985 3682 1018 3733 iv.
1043 3692 1072 3745 17
1095 3681 1128 3730 ad
1149 3681 1191 3731 fin.
1215 3683 1288 3746 (uuus
1311 3681 1431 3746 alterve):

232 3746 302 3794 malo
336 3744 481 3810 conloquor,
513 3743 562 3810 [et]
596 3747 707 3797 remedia
736 3763 806 3797 com·
858 3749 920 3811 Agr.
938 3763 977 3796 xv.
998 3756 1044 3811 17:
1071 3747 1106 3796 xl.
1126 3761 1170 3812 19:
1200 3747 1266 3796 Anu.
1284 3745 1320 3796 iii.
1339 3761 1378 3809 34.
1402 3757 1432 3810 17

231 3812 338 3860 manico.
860 3814 933 3877 (unus
944 3820 987 3863 aut
998 3811 1080 3874 alter).
1114 3813 1144 3862 In
1157 3812 1261 3863 Histii.
1274 3812 1432 3876 75,5Halm

264 3881 333 3926 haec
356 3891 420 3926 oasa
441 3881 471 3926 et
493 3880 565 3928 hana
587 3881 706 3928 maciem
727 3893 806 3936 prue-
857 3894 914 3927 now
923 3878 994 3928 reads
1003 3895 1072 3928 unus
1079 3879 1172 3929 alterve
1183 3879 1222 3928 for
1233 3879 1276 3930 the
1287 3877 1433 3929 traditioual

231 3946 317 3992 bant:
348 3941 431 3991 ‘show
450 3943 555 4006 nothing
572 3943 617 3993 but
637 3943 679 3993 the
698 3943 808 3994 familiar
857 3944 1052 4009 annualicrque.

233 4008 288 4057 skin
301 4007 454 4058 andboues!
477 4009 528 4058 For
539 4007 688 4058 laecinthe
700 4025 768 4060 sense
780 4010 810 4058 of
891 4011 914 4060 8.
930 4013 962 4058 in
983 4013 1117 4060 Asitium.
1168 4009 1261 4060 Calvus
1283 4009 1432 4074 irnpeached

233 4074 321 4126 ‘uobis
348 4074 422 4122 nota'
444 4089 484 4139 cp.
512 4073 574 4124 haec
601 4083 685 4124 vetera
712 4075 752 4128 37.
781 4074 805 4125 6.
857 4075 953 4124 Asitius
972 4074 1093 4140 (Asicius)
1114 4075 1154 4125 for
1173 4076 1215 4126 the
1235 4075 1334 4125 murder
1353 4077 1383 4124 of
1399 4093 1431 4126 an

233 4141 335 4204 Figures
355 4139 455 4188 derived
478 4139 542 4189 from
561 4140 603 4190 the
624 4140 717 4190 human
739 4141 807 4205 body
857 4141 984 4205 Egyptian
995 4157 1081 4205 envoy,
1094 4141 1143 4192 and
1153 4141 1185 4191 he
1196 4157 1248 4192 was
1261 4141 1383 4192 defended
1397 4143 1433 4204 by

232 4204 372 4268 constantly
383 4219 452 4254 recur
461 4205 487 4254 iu
502 4205 624 4256 reference
639 4212 666 4255 to
681 4205 805 4256 rhetoric:
858 4207 963 4258 Cicero:
981 4223 1027 4272 pro
1038 4208 1109 4258 Cael.
1123 4212 1135 4267 ς
1149 4221 1188 4268 23.
1347 4263 1349 4268 ¹

232 4270 285 4321 Cic.
297 4271 365 4320 Brut.
379 4275 391 4330 ς
404 4269 438 4334 64
448 4286 512 4336 quos
522 4270 639 4322 valetudo
651 4271 728 4322 modo
739 4271 807 4322 bona
889 4275 922 4322 in
933 4277 1066 4324 Drusum.
1092 4273 1182 4324 Cicero
1193 4287 1245 4322 was
1256 4273 1295 4323 his
1311 4272 1433 4322 advocate

232 4337 274 4396 sit,
291 4337 396 4386 tenuitas
412 4337 468 4400 ipsa
484 4336 607 4388 delectat:
634 4337 691 4396 §68
709 4339 806 4388 utinam
857 4337 928 4388 also:
944 4339 976 4388 ad
993 4340 1048 4389 Att.
1067 4339 1100 4390 iv.
1120 4352 1159 4403 15.
1176 4340 1208 4390 8:
1233 4338 1282 4390 xvi.
1300 4351 1324 4402 5,
1342 4339 1376 4388 8:
1399 4337 1433 4386 ad
1448 4337 1460 4350 '

232 4401 393 4462 imitarentur,
415 4417 462 4452 nec
483 4417 540 4452 ossa
562 4401 644 4452 solum
666 4403 710 4454 sed
729 4404 806 4455 etiam
857 4403 944 4467 Quint
958 4405 999 4454 Fr.
1011 4405 1028 4457 i.
1043 4404 1082 4468 16,
1095 4419 1119 4468 3.
