3224 5080
234 305 278 376 52
629 290 864 356 CORNELII
884 291 937 356 ΤΑ
946 289 1045 354 CITI

190 487 222 526 20
235 464 412 549 quisquam
430 463 570 530 adsistat
585 463 666 546 quin
682 462 854 530 elementis
877 456 1152 541 studiorum,',etsi
1168 479 1235 524 non
1252 459 1442 538 instructus,

234 589 270 643 at
293 587 382 644 certe
405 541 553 642 imbrifus
575 576 630 654 sit,
655 576 748 642 novis
778 585 811 640 et
841 541 1024 658 exquisifis'
1039 549 1247 658 eloquentiae
1269 574 1442 656 itineribus
1468 571 1503 606 i*
1575 579 1584 588 “

234 711 319 774 opus
334 699 395 770 est,
416 710 474 772 per
489 708 575 771 quae
590 697 702 753 orator
716 688 885 752 fastidium
903 687 1032 752 aurium
1055 687 1202 768 effugiat,
1218 653 1333 788 utiqhe
1347 684 1440 768 apud

234 824 291 870 eos
313 802 438 868 iudices
460 801 516 884 qui
531 801 564 865 vi
586 809 620 864 et
642 810 819 885 potestate,
836 821 902 866 non
926 800 996 864 iure
1011 808 1069 866 aut
1083 799 1213 883 legibus
1228 807 1443 882 cognoscunt,

236 935 297 982 nec
314 914 480 997 accipiunt
494 921 646 996 tempora
661 914 718 978 sed
735 914 950 990 constituunt,
961 932 1022 976 nec
1037 912 1299 994 exspectandum
1314 910 1443 974 habent

192 1051 221 1099 25
236 1038 401 1093 oratorem
411 1015 499 1090 ¹dum
520 1025 567 1090 illi
583 1026 685 1092 libeat
702 1025 745 1090 de
760 1025 833 1108 ipso
857 1025 992 1108 negotio
1015 1025 1133 1101 dicere,
1149 1024 1207 1088 sed
1230 1043 1330 1105 saepe
1352 1021 1453 1128 ultro?
1474 1107 1486 1118 ,-

11 1209 35 1235 .-
50 1207 52 1214 ,
70 1220 71 1228 ¹
92 1207 131 1232 ...
236 1142 417 1205 admonent
442 1121 544 1222 atque
569 1137 635 1206 alio
658 1138 957 1220 transgredientem
981 1146 1137 1202 revocant
1163 1146 1198 1202 et
1224 1135 1379 1199 festinare
1405 1108 1496 1197 se'³'¹

18 1287 35 1319 l.
58 1292 95 1328 4
113 1264 170 1337 g„
236 1261 410 1322 testantur.
1394 1225 1416 1236 ”

241 1424 244 1432 ,
280 1368 346 1436 20.
371 1351 455 1446 Quis
477 1382 564 1427 nunc
582 1361 664 1426 feret
686 1371 852 1426 oratorem
875 1361 918 1424 de
937 1360 1129 1427 infirmitate
1143 1359 1343 1426 valetudinis
1361 1377 1444 1422 suae

237 1476 451 1561 praefantem,
465 1473 575 1557 qualia
589 1484 666 1539 sunt
682 1472 749 1538 fere
764 1474 924 1558 principia
942 1472 1101 1538 Corvini?
1146 1473 1231 1556 Quis
1247 1473 1394 1555 quinque
1409 1473 1478 1574 ins

272 1650 311 1685 20.
323 1607 387 1701 quin
399 1635 517 1696 Muretus,
527 1635 656 1700 qutoodd.
681 1635 728 1684 ersa
738 1634 997 1693 coaa.‚srncua1us.
1066 1632 1444 1698 23.autns‚eruv4cunus

239 1703 292 1769 (see
303 1702 397 1752 lutrod.
410 1718 435 1766 p.
447 1701 511 1764 lvii).
580 1715 618 1765 ²4·
636 1701 825 1766 expectandum
837 1700 978 1762 EV2CAH,
988 1702 1135 1766 expectando
1147 1703 1182 1763 D,
1193 1707 1358 1766 expectantem
1370 1699 1425 1746 AB.

273 1875 312 1912 ao.
328 1859 814 1921 etsinon...atoerte,asAnn.xii.
865 1859 947 1908 which
966 1858 1035 1909 there
1050 1859 1072 1909 is
1086 1876 1120 1908 no
1136 1859 1235 1924 appeal.
1270 1858 1397 1922 Compare
1409 1874 1444 1907 ou

240 1940 339 1990 3o,15.
372 1926 444 1976 More
464 1926 607 1988 commonly
624 1927 649 1975 si
666 1931 815 1976 non...at
864 1925 907 1975 the
926 1925 998 1974 other
1016 1925 1082 1974 haud
1102 1927 1141 1976 38.
1160 1936 1174 1989 7
1192 1925 1444 1988 Pompeius...im·

239 1999 307 2052 certe,
321 1993 404 2042 Germ.
425 1993 511 2041 xxxiii.
529 1993 561 2041 8:
587 1992 654 2042 Hist.
667 1993 699 2042 iv.
713 1993 753 2055 58,
766 1990 812 2053 36:
864 1991 948 2055 posuit
967 1991 1048 2039 frenos
1069 1991 1232 2056 eloquentiae,
1252 1991 1287 2038 ita
1308 1997 1392 2039 tamen
1415 1998 1446 2038 ut

240 2059 325 2121 Quint.
338 2058 376 2106 Ρτ.
392 2063 404 2117 ξ
418 2071 430 2104 2
442 2073 447 2106 :
465 2058 507 2106 xii.
520 2071 560 2112 11,
574 2071 612 2119 3¹·
865 2057 950 2106 omnia
961 2055 987 2104 in
995 2057 1055 2116 foro,
1067 2058 1150 2105 omnia
1162 2056 1267 2121 legibus,
1278 2057 1363 2104 omnia
1375 2056 1445 2120 apud

274 2137 312 2172 21.
329 2126 456 2172 imbutus
468 2139 474 2171 r
490 2139 518 2172 as
530 2139 567 2172 we
580 2123 658 2188 spealr
670 2123 699 2172 of
707 2139 722 2172 a
734 2122 814 2172 ‘tinc·
865 2129 990 2186 praetores
1001 2129 1150 2185 gererentur.

239 2188 349 2239 ture’of
356 2188 476 2252 learning.
510 2188 565 2238 The
579 2189 723 2253 opposition
735 2195 762 2237 to
774 2189 815 2236 in·
898 2193 1078 2245 cognoscunt.
1112 2188 1163 2236 For
1178 2185 1229 2234 this
1242 2202 1292 2248 use,
1306 2201 1344 2249 cp.
1358 2188 1398 2236 41.
1412 2188 1444 2236 18

240 2255 344 2304 stitutus
356 2256 376 2316 (⁸
386 2253 448 2318 fully
459 2254 584 2318 equipped
592 2252 611 2313 ')
624 2254 733 2303 reminds
748 2269 778 2303 us
789 2252 818 2302 of
865 2252 998 2302 clementia
1017 2254 1205 2316 cognoscentisz
1231 2251 1298 2301 Hist.
1312 2252 1345 2302 iv.
1357 2267 1398 2314 42,
1411 2263 1443 2315 7:

239 2321 281 2370 the
293 2319 468 2383 etymological
479 2319 595 2432 meaning
606 2319 635 2368 of
643 2319 760 2379 imbuere,
770 2323 777 2347 ‘
787 2326 815 2369 to
866 2320 932 2366 Arm.
944 2319 995 2368 xiii.
1009 2333 1049 2380 32,
1060 2334 1091 2384 9:
1109 2317 1159 2368 aud
1174 2318 1311 2382 frequently
1322 2318 1349 2366 in
1365 2318 1444 2381 Quiu-

239 2386 313 2434 muke
329 2392 356 2434 to
374 2385 445 2433 drink
463 2384 502 2433 for
518 2384 561 2434 the
595 2392 630 2434 rst
646 2383 724 2445 time,’
738 2385 815 2436 hence
865 2384 944 2434 tilian.

241 2448 449 2514 ‘staiu‚'‘tinge.'
477 2449 524 2499 See
535 2450 645 2500 Wilkius
656 2465 689 2499 ou
702 2451 733 2500 de
744 2450 814 2500 Orat
900 2464 939 2509 24.
956 2454 1179 2506 exspectandum
1195 2452 1308 2498 habent
1343 2448 1390 2499 See
1409 2465 1445 2499 on

239 2517 265 2565 ii.
280 2521 292 2575 5
308 2514 352 2564 162
372 2515 457 2580 aliquo
476 2516 527 2564 iam
547 2517 656 2565 imbutus
675 2531 736 2566 usu:
761 2516 814 2566 eie.
867 2517 889 2565 8.
905 2529 942 2565 11.

239 2581 304 2632 Phil.
321 2599 345 2631 v.
364 2591 386 2644 7,
406 2595 437 2629 20
456 2596 512 2630 cum
532 2582 608 2630 semel
627 2581 740 2644 gladium
760 2597 814 2631 san·
901 2593 939 2643 15.
957 2584 1033 2630 ultro
1060 2583 1222 2630 admonent.
1267 2579 1314 2644 Cp
1346 2582 1386 2630 39.
1412 2593 1445 2629 10

239 2649 315 2711 guiue
330 2648 474 2698 imbuisset:
500 2647 576 2696 Tusc.
587 2648 604 2696 i.
620 2661 651 2709 14
670 2663 701 2696 aa
718 2655 746 2696 tu
763 2647 815 2696 dia·
866 2647 926 2710 quia
961 2663 1035 2711 saepe
1068 2649 1202 2711 interrogat
1235 2646 1308 2694 iudex
1341 2648 1445 2711 quando

238 2714 333 2763 lecticis
343 2729 375 2763 ue
385 2713 495 2762 imbutus
506 2713 607 2777 quidem
621 2715 663 2762 est
698 2713 746 2777 Cp.
757 2712 814 2762 Seu.
864 2713 977 2775 incipias.

239 2779 309 2829 Dial.
327 2779 369 2828 xii.
389 2791 426 2842 17,
446 2793 462 2840 4
481 2779 583 2828 Utinam
597 2816 603 2828 .
616 2815 622 2828 .
635 2816 641 2828 .
654 2779 770 2828 voluisset
790 2785 815 2827 te
900 2776 938 2826 26.
955 2781 1079 2827 festinat.
1113 2777 1199 2841 Quint.
1211 2778 1243 2828 iv.
1257 2792 1279 2842 5,
1295 2791 1326 2827 10
1343 2778 1445 2828 festinat

239 2846 376 2908 praeceptis
387 2843 522 2909 sapientiae
537 2844 629 2893 erudiri
644 2845 728 2909 potius
739 2859 815 2908 quam
866 2843 931 2893 enim
942 2843 1015 2892 iudex
1027 2845 1059 2892 ad
1071 2843 1098 2892 id
1105 2845 1174 2908 quod
1185 2842 1385 2908 potentissimum
1396 2851 1443 2904 est,

239 2910 333 2960 imbui:
350 2910 435 2973 Quint.
448 2909 463 2956 i.
478 2923 500 2968 a,
516 2909 546 2957 16
558 2909 644 2959 litteris
655 2909 742 2959 saltem
754 2909 814 2959 levi·
865 2917 890 2958 et
900 2908 969 2959 velut
980 2908 1120 2973 obligatum
1131 2911 1254 2974 promisso
1268 2918 1408 2972 patronum,
1421 2911 1444 2958 si

239 2985 277 3026 ter
287 2977 403 3025 imbutus.
437 2975 483 3038 Cp.
498 2991 530 3022 on
543 2977 565 3023 2.
579 2987 610 3037 14
621 2975 707 3024 above.
865 2982 901 3024 est
924 2975 1065 3038 patientior.
1088 2975 1178 3025 tacitus
1201 2975 1329 3040 appellat;
1358 2976 1380 3022 si
1402 2975 1445 3024 vel

273 3043 355 3089 novis
367 3046 395 3088 et
407 3042 567 3096 exquisitis.
590 3040 636 3103 Cp.
649 3049 729 3090 vetere
741 3046 815 3104 atque
866 3047 1001 3105 occupatus
1023 3040 1063 3090 vel
1090 3042 1116 3088 ia
1143 3040 1229 3104 aliqua
1253 3047 1379 3104 potestate
1401 3041 1444 3090 vel

240 3107 334 3155 directa
352 3105 450 3154 dicendi
473 3105 521 3164 via,
540 3104 627 3153 above.
661 3106 815 3170 Exquisitus
865 3105 940 3155 etiam
957 3107 992 3154 sic
1009 3107 1121 3155 moribus
1136 3105 1297 3172 compositus,
1310 3121 1368 3154 cum
1385 3122 1445 3156 con·

240 3171 358 3236 properly
368 3186 453 3220 means
466 3170 572 3232 ‘sought
588 3178 633 3219 out
647 3170 708 3219 with
724 3170 795 3220 care’
808 3188 815 3220 :
865 3173 931 3221 vicio
943 3169 1067 3236 efflagitat.

240 3253 269 3286 so
280 3235 612 3286 sometimes‘far-fetched.’
646 3235 714 3285 Here
730 3238 751 3285 it
761 3253 815 3286 cor·
899 3241 944 3286 20.
963 3251 985 3286 2.
1004 3239 1128 3287 corvini.
1174 3237 1312 3301 Quintilian
1335 3237 1406 3286 takes
1426 3253 1444 3286 a

240 3301 361 3366 responde
380 3309 407 3350 to
436 3302 478 3350 the
501 3302 540 3350 Fr.
566 3300 726 3351 ‘recherche'
750 3302 814 3351 ‘dis-
865 3302 980 3352 different
996 3303 1066 3362 view,
1080 3303 1114 3352 iv.
1129 3317 1149 3363 1,
1163 3304 1194 3353 8:
1220 3304 1343 3367 quaedam
1360 3304 1387 3351 in
1403 3303 1444 3352 his

239 3367 356 3431 tingue':
374 3383 412 3430 cp.
425 3367 477 3416 Cic
494 3369 562 3416 Brut.
582 3372 594 3425 §
615 3368 660 3428 283
678 3368 816 3418 accuratius
865 3383 963 3432 quoque
985 3368 1168 3418 commendatio
1191 3369 1274 3427 tacita,
1297 3369 1318 3417 si
1341 3384 1387 3418 nos
1406 3369 1445 3416 in·

240 3433 368 3498 quoddam
388 3433 486 3481 dicendi
505 3440 530 3481 et
551 3433 697 3496 exquisitius
719 3449 813 3496 genus:
865 3433 958 3490 firmos,
968 3434 1110 3498 imparatos,
1123 3433 1231 3498 impares
1242 3435 1369 3498 agentium
1382 3449 1444 3483 con·

240 3500 273 3549 ib.
296 3504 308 3557 5
328 3512 372 3560 321
392 3498 536 3561 exquisitius
551 3505 576 3546 et
595 3498 697 3548 minime
713 3498 814 3563 vulgare
866 3505 904 3548 tra
918 3498 1023 3564 ingeniis
1035 3499 1179 3559 dixerimus,
1190 3501 1275 3564 qualia
1291 3505 1348 3549 sunt
1359 3499 1443 3563 plera-

241 3565 360 3614 01·ationis
376 3579 460 3627 genus.
504 3565 551 3628 Cp.
569 3571 612 3612 too
626 3563 668 3613 the
685 3564 815 3614 antithesis
865 3580 912 3629 que
930 3564 1062 3614 Messallae
1077 3567 1213 3630 prooemia.
1249 3566 1293 3614 Est
1313 3565 1382 3612 euim
1399 3581 1445 3614 ua-

239 3632 350 3679 betweeu
360 3645 439 3678 sermo
450 3636 530 3678 rectus
544 3629 594 3677 and
608 3629 710 3694 deflexa,
726 3630 813 3694 quui·
863 3630 950 3678 turalis
956 3631 1026 3678 favor
1034 3643 1082 3695 pro
1088 3630 1266 3690 laborantibus,
1272 3630 1445 3681 &ra-Before

241 3696 340 3756 sitiora,
352 3695 438 3757 Quint.
451 3695 476 3743 ii.
490 3711 513 3758 5,
528 3709 565 3744 11.
856 3694 916 3764 ferr
935 3696 1141 3760 -(=plerumque)
1165 3695 1297 3745 Gudemau
1324 3711 1445 3746 neneces-

276 3775 314 3808 22.
331 3775 382 3816 por
398 3775 477 3818 quas.
512 3761 596 3823 Quint
614 3777 638 3810 x.
655 3774 676 3822 1,
692 3770 722 3825 37
740 3761 815 3812 iniis
865 3760 940 3824 sarily
950 3777 1069 3825 proposes
1079 3768 1107 3811 to
1117 3761 1190 3812 insert
1201 3762 1301 3811 omnia:
1320 3777 1359 3826 cp.
1373 3763 1413 3811 31.
1428 3772 1443 3826 7

240 3842 286 3891 per
295 3841 359 3890 quae
369 3841 459 3876 nomen
471 3833 507 3876 est
518 3826 655 3876 adsecutus.
864 3826 890 3874 in
898 3826 997 3876 iudiciis
1003 3827 1053 3876 fere
1062 3827 1093 3877 de
1101 3828 1225 3892 aequitate
1286 3827 1443 3878 disserimus:

274 3895 422 3940 fastidium
439 3895 558 3943 aurium.
592 3892 674 3941 There
687 3890 813 3942 isasiml-
864 3893 904 3942 39.
917 3891 940 3941 6.

240 3957 279 4006 lar
291 3958 388 4006 ‘mixed
405 3955 550 4021 metaphor‘
564 3957 589 4005 iu
605 3958 659 4007 Cic.
676 3957 707 4006 de
720 3957 763 4006 Or.
777 3957 814 4006 iii.
897 3960 1023 4016 quinque
1037 3961 1069 4006 ln
1078 3961 1196 4008 Verrem
1212 3961 1318 4007 libros:
1336 3958 1354 4008 i.
1363 3975 1386 4008 e.
1398 3959 1445 4008 the

243 4029 316 4087 §192
334 4023 430 4072 aurium
448 4023 577 4073 satietate:
599 4038 638 4086 cp.
654 4026 677 4074 9.
694 4023 709 4072 6
726 4024 813 4083 above,
865 4021 913 4072 five
924 4029 991 4088 parts
1002 4023 1031 4072 of
1039 4023 1080 4073 the
1091 4025 1165 4073 Actio
1175 4023 1297 4073 Secunda.
1331 4024 1445 4088 Though

241 4105 311 4138 aures
322 4096 444 4153 respuant
865 4088 924 4152 they
939 4105 1003 4139 were
1022 4105 1095 4139 never
1113 4089 1191 4152 really
1207 4089 1339 4144 delivered,
1352 4089 1444 4139 Verres

274 4157 383 4215 utique,
422 4152 616 4218 ‘particularly,’
652 4153 815 4219 ‘especially'
866 4154 958 4218 having
985 4155 1136 4218 anticipated
1163 4162 1276 4204 sentence
1304 4155 1340 4218 by
1360 4154 1443 4219 night,

240 4221 323 4271 rather
334 4221 394 4269 than
406 4222 447 4269 ‘at
458 4217 537 4270 least.'
866 4219 925 4283 they
941 4235 1006 4269 were
1027 4236 1061 4268 no
1082 4220 1168 4270 doubt‘
1179 4219 1300 4284 prepared
1317 4221 1356 4270 for
1378 4222 1443 4284 pub-

276 4299 313 4346 13.
330 4289 361 4334 vi
381 4291 410 4334 et
429 4292 578 4344 potestate,
597 4283 627 4334 of
639 4284 682 4334 the
701 4285 816 4334 absolute
864 4285 967 4335 lication
977 4302 1009 4336 on
1019 4286 1062 4335 the
1073 4301 1139 4335 same
1148 4285 1213 4336 scale
1223 4301 1252 4334 as
1260 4285 1349 4334 Cicero
1357 4285 1445 4335 would

240 4368 326 4416 power
338 4352 366 4400 of
374 4368 389 4400 a
404 4351 480 4414 judge
495 4352 584 4414 sitting
596 4349 719 4414 (possibly
731 4367 759 4400 as
772 4351 814 4400 the
864 4350 928 4400 have
944 4351 1050 4402 allowed
1066 4352 1168 4401 himself
1181 4353 1207 4400 in
1223 4351 1342 4416 pleadiug
1358 4352 1445 4402 before

240 4416 373 4483 emperor's
389 4417 588 4482 representative)
601 4418 626 4465 iu
641 4423 738 4467 acourt
749 4416 814 4465 from
865 4417 907 4466 the
918 4424 995 4468 court.
