3206 5078
235 325 286 385 ,24
636 303 867 367 CORNELII
894 301 1055 368 TACITI

197 509 228 559 ¹5
242 478 365 543 heroici
388 476 540 573 carminis
563 497 691 553 sonum,
713 476 772 539 sed
792 475 971 557 lyricorum
992 495 1125 558 quoque
1148 473 1385 540 iucunditatem
1410 481 1445 536 et

243 589 410 673 elegorum
426 577 576 678 lascilvias
591 598 626 652 et
641 587 826 652 iamborum
843 587 1098 652 amaritudinem
1116 597 1150 652 et
1165 589 1443 670 epigrammatum

243 702 333 766 lusus
359 705 394 767 et'
419 681 663 784 quamcumque
689 699 788 764 aliam
813 700 957 782 speciem
984 698 1172 782 eloquentia
1198 699 1321 764 habeat
1351 709 1443 763 ante-

241 815 430 897 ponendam
461 815 578 878 ceteris
606 813 760 877 altiorum
790 813 911 875 artium
940 813 1058 876 studiis
1088 813 1196 878 credo.
1243 811 1310 876 Sed
1333 820 1443 876 tecum

215 965 218 974 .
235 927 332 1013 mihi,
347 927 509 1002 Materne,
525 947 576 989 res
597 934 655 1002 est,
672 925 771 1007 quod,
787 943 862 988 cum
886 933 1004 988 natura
1025 933 1054 988 te
1074 932 1132 988 tua
1152 925 1185 988 in
1206 925 1313 1007 ipsam
1334 944 1444 988 arcem

21 1108 42 1152 γ.
60 1113 70 1135 Γ
197 1065 229 1102 20
242 1024 450 1121 eloquentiae
465 1023 557 1113 ferat,
571 1018 680 1101 errare
696 1037 801 1100 mavis
816 1046 850 1100 et
865 1004 1246 1140 summqaldeptugus)in
1266 1036 1446 1116 levioribus
1488 1037 1494 1052 '

239 1152 401 1215 subsistis.
437 1151 487 1216 Ut
501 1152 530 1215 si
547 1151 580 1215 in
597 1150 736 1215 Graecia
752 1159 849 1213 natus
864 1168 962 1226 esses,
973 1149 1030 1212 ubi
1048 1146 1193 1214 ludicras
1208 1170 1342 1232 quoque
1357 1159 1446 1212 artes

241 1284 397 1329 exercere
412 1263 590 1328 honestum
607 1273 668 1337 est,
684 1282 724 1326 ac
737 1262 799 1326 tibi
816 1261 1000 1356 Nicostrati
1013 1239 1167 1327 roburac
1184 1262 1270 1326 vires
1285 1263 1319 1325 di
1335 1261 1445 1325 dedis·

188 1399 193 1420 ·
239 1383 323 1452 sent,
349 1395 418 1438 non
442 1386 572 1458 paterer
597 1375 759 1438 immanes
783 1373 865 1436 istos
891 1382 925 1437 et
945 1374 989 1437 ad
1016 1393 1164 1456 pugnam
1186 1383 1282 1438 natos
1303 1372 1445 1438 lacertos

236 1473 377 1552 levitate
392 1487 488 1550 iaculi
504 1497 561 1551 aut
578 1487 664 1551 iactu
677 1484 759 1550 disci
776 1505 962 1562 vanescere,
979 1487 1025 1550 sic
1046 1505 1131 1551 nunc
1151 1495 1186 1550 te
1205 1487 1249 1550 ab
1270 1486 1446 1552 auditoriis

277 1622 315 1673 16.
333 1622 467 1686 elegiarum
478 1623 532 1672 ΑΒ.
566 1629 590 1672 et
601 1622 657 1671 add.
673 1621 809 1672 Acidalins.
864 1630 900 1684 17.
919 1621 1007 1670 habeat
1021 1622 1105 1680 codd,
1117 1623 1189 1672 hahet
1200 1623 1340 1682 Heumann,
1354 1623 1445 1683 Halm,

242 1689 343 1740 Miiller.
387 1691 423 1737 18.
434 1689 555 1737 altiorum
572 1688 710 1745 Andresen,
719 1687 835 1736 aliarum
847 1686 920 1736 codd.
930 1687 979 1736 and
987 1687 1062 1752 John.
1083 1689 1130 1752 Qy.
1138 1689 1306 1738 alienarum?
1322 1705 1361 1752 cp.
1370 1691 1393 1737 2.
1406 1699 1445 1752 17.

172 1808 174 1818 Ι
244 1768 282 1817 19.
298 1760 323 1802 te
337 1753 395 1802 add.
409 1754 496 1802 Halm.
539 1768 620 1802 arcem
638 1753 731 1813 EV2H,
748 1758 828 1801 artem
839 1751 968 1802 ABCAD.
1097 1767 1135 1803 ao.
1152 1753 1288 1816 adepturus
1305 1755 1444 1809 Acidalius.

172 1825 174 1890 ζ
241 1821 344 1933 adeptus
353 1819 427 1868 codd.
441 1821 491 1884 (cp.
504 1819 645 1883 ingressuri
656 1821 696 1868 33.
709 1820 745 1880 8).
816 1832 856 1880 ²3·
873 1817 932 1868 estes
943 1818 1025 1880 ABD,
1037 1819 1093 1868 illos
1103 1819 1220 1883 EV2CH.
1297 1835 1334 1882 ²4
1354 1820 1445 1884 [autu]

267 1901 283 1933 n
301 1901 379 1936 resen.

277 1997 314 2046 15.
332 1997 441 2043 sonum,
465 1983 549 2047 ‘loity
571 1983 658 2032 iones!
692 1982 741 2046 Cp.
764 1981 817 2032 Cic.
869 1981 1033 2032 Iambus
1059 1982 1127 2032 cuins
1148 1983 1268 2032 acerbitas
1285 1984 1311 2033 in
1331 1985 1444 2045 Catullo,

241 2050 273 2098 de
285 2050 328 2099 Or.
340 2049 366 2098 ii.
380 2054 393 2109 §
407 2062 439 2113 54
450 2048 547 2097 addidit
564 2048 684 2098 historiae
699 2048 818 2097 maiorem
869 2047 998 2107 Bibaculo,
1012 2048 1121 2097 Horatio
1135 2086 1140 2097 .
1153 2086 1159 2098 .
1172 2085 1178 2097 .
1190 2049 1332 2112 reperietur.

242 2131 330 2164 sonum
347 2114 433 2164 vocis:
457 2114 543 2176 Quint.
561 2114 578 2162 i.
596 2116 620 2173 8,
640 2128 653 2177 5
673 2114 771 2162 interim
794 2119 819 2162 et
904 2122 941 2176 17.
958 2116 1069 2163 habeat.
1105 2113 1213 2178 Though
1231 2115 1282 2163 this
1300 2131 1343 2164 use
1359 2114 1389 2164 ol
1402 2115 1445 2165 the

242 2181 395 2230 sublimitate
416 2179 487 2229 heroi
516 2179 631 2228 carminis
654 2181 752 2228 animm
774 2179 818 2226 ad·
868 2178 929 2240 subj.
942 2180 964 2228 is
980 2187 1023 2228 not
1040 2179 1134 2243 strictly
1145 2179 1265 2240 classical,
1284 2179 1326 2228 the
1342 2181 1446 2245 reading
1467 2213 1469 2216 <

241 2254 341 2310 surgat:
365 2245 400 2294 id.
412 2263 435 2296 x.
447 2260 469 2305 1,
481 2244 512 2294 68
529 2246 637 2308 gravitas
649 2253 674 2293 et
685 2246 819 2294 cothurnus
868 2245 898 2292 ol
906 2245 948 2293 the
960 2244 1032 2293 MSS.
1045 2243 1136 2294 should
1147 2245 1178 2294 be
1189 2245 1326 2309 preserved.

241 2319 266 2360 et
279 2327 353 2360 sonus
370 2311 497 2374 Sophocli.
904 2310 941 2358 18.
959 2313 1094 2360 altiorum
1105 2313 1216 2360 artium.
1233 2311 1275 2370 So,
1282 2311 1344 2360 with
1351 2311 1445 2376 special

275 2381 489 2437 iucunditatem,
521 2373 635 2425 ‘charm’
666 2375 711 2424 ,So
740 2375 818 2437 Quin·
868 2374 990 2424 reference
1006 2383 1034 2424 to
1045 2375 1205 2440 philosophy,
1217 2376 1284 2426 Hist.
1297 2377 1330 2424 iv.
1345 2379 1445 2440 5,5in·

241 2443 321 2503 tilian,
331 2442 360 2491 ol
368 2443 411 2492 the
422 2443 483 2504 lyric
494 2449 553 2506 poet
560 2441 709 2500 Simonides,
719 2441 817 2490 ‘iucun
868 2441 971 2503 genium
983 2440 1085 2490 inlustre
1101 2441 1232 2490 altioribus
1247 2441 1337 2490 studiis
1349 2444 1444 2492 iuvenis

241 2509 321 2557 ditate
338 2508 446 2570 quadam
463 2507 631 2558 commendari
644 2506 743 2570 potest,’
754 2522 777 2554 x.
794 2519 815 2564 1,
867 2506 1005 2554 admodum
1016 2505 1100 2556 dedit:
1119 2507 1203 2570 Quint.
1211 2507 1261 2556 viii.
1272 2522 1294 2570 3,
1306 2523 1318 2556 2
1331 2525 1336 2557 :
1354 2509 1380 2556 ii.
1391 2521 1412 2568 1,
1421 2523 1444 2570 3.

241 2572 282 2636 64,
300 2573 350 2622 and
368 2573 397 2622 ol
413 2573 513 2622 Horace
531 2573 635 2637 ‘plenus
652 2580 688 2621 est
705 2570 816 2619 iucundi·
868 2571 915 2634 Cp.
930 2570 994 2620 Plin.
1005 2571 1052 2635 Ep.
1060 2588 1084 2620 v.
1096 2571 1159 2631 16,8
1171 2573 1252 2635 utqui
1264 2589 1290 2621 se
1301 2575 1334 2622 ab
1345 2574 1445 2624 ineunte

241 2639 300 2688 tatis
327 2646 353 2689 et
377 2640 490 2702 gratiae‚'
513 2639 546 2687 ib.
572 2644 584 2697 §
605 2636 645 2702 96.
690 2637 733 2684 Tr.
758 2637 816 2686 ‘the
867 2636 1444 2702 actatealtiorihusstudiisartibusquedederit.

242 2705 371 2767 charming
393 2705 462 2768 lyris,
484 2704 527 2755 the
548 2711 648 2752 wauton
670 2702 748 2766 elegy‚
774 2701 816 2750 the
903 2715 941 2766 19.
958 2707 1061 2750 natura
1072 2706 1213 2752 ...feratr
1230 2703 1283 2752 Cic.
1292 2704 1322 2752 de
1330 2703 1400 2754 Orat.
1408 2706 1443 2754 iii.

242 2770 324 2833 biting
340 2772 422 2828 satire,
440 2770 482 2818 the
505 2769 602 2834 playiul
623 2768 745 2832 epigram,
768 2768 817 2816 and
870 2771 927 2829 §35
948 2782 998 2831 quo
1016 2783 1061 2816 sua
1083 2783 1204 2832 quemque
1225 2776 1314 2817 natura
1335 2771 1444 2818 maxime

242 2851 316 2898 every
328 2836 399 2884 other
410 2835 471 2883 kind
483 2836 512 2884 ol
520 2833 661 2884 literature.’
869 2832 930 2881 serre
941 2832 1066 2881 videatur:
1084 2834 1152 2883 Brut.
1166 2838 1178 2892 5
1191 2847 1245 2896 204.

278 2900 316 2948 16.
334 2904 485 2957 elegorum.
520 2899 583 2948 This
599 2901 621 2948 is
640 2898 683 2948 the
703 2914 818 2947 common
901 2901 1191 2956 eroemeloquentiae.
1217 2900 1301 2963 Quint.
1311 2900 1443 2961 xii.11,a8

242 2965 317 3025 form,
334 2981 355 3013 e.
362 2981 387 3028 g.
405 2964 576 3014 miserabiles.
595 2999 602 3012 .
620 3000 627 3012 .
643 2965 733 3028 elegos,
751 2964 816 3013 Hor.
869 2963 990 3012 Cicerone
1002 2980 1084 3013 arcem
1095 2972 1193 3013 tenente
1203 2964 1367 3030 eloquentiae.

243 3031 320 3080 Od.i.
334 3044 373 3091 33,
394 3043 423 3080 a:
439 3031 471 3079 Α.
484 3031 511 3078 P.
526 3038 572 3093 773
590 3029 700 3093 exiguos,
718 3030 774 3078 Tib.
790 3030 816 3078 ii.
904 3043 942 3078 20.
966 3033 998 3076 in
1024 3032 1181 3078 levioribus
1209 3035 1349 3079 subsistis.
1395 3032 1444 3096 Cp.

242 3113 268 3154 4,
294 3107 342 3155 13:
370 3096 482 3158 Propert.
501 3111 524 3143 v.
547 3108 569 3150 1,
590 3108 653 3156 1353
682 3095 737 3158 Juv.
757 3095 774 3144 i.
794 3111 818 3158 4.
870 3093 954 3156 Quint.
967 3094 984 3142 i.
996 3094 1036 3142 Pr.
1053 3099 1111 3153 §20
1128 3095 1204 3144 altius
1218 3103 1303 3144 tamen
1319 3097 1390 3145 ibunt
1402 3099 1443 3161 qui

243 3161 310 3218 Ovid
321 3160 367 3208 has
377 3161 476 3224 elegeta,
492 3159 582 3208 flebilis
597 3159 713 3222 indignos
724 3160 819 3223 elegeia
870 3160 903 3207 ad
914 3174 1011 3208 summa
1021 3160 1130 3209 nitentur
1137 3175 1213 3224 quam
1222 3163 1265 3225 qui
1277 3195 1283 3209 .
1297 3198 1304 3210 .
1316 3198 1322 3210 .
1333 3162 1444 3225 protinus

243 3225 313 3274 solve
335 3226 450 3289 capillos,
469 3226 527 3275 Am.
545 3225 579 3273 iii.
592 3239 617 3286 9,
631 3240 663 3288 3:
688 3239 727 3288 cp.
746 3227 819 3274 cultis
870 3225 934 3275 circa
946 3225 996 3273 ima
1006 3225 1172 3275 substiterint:
1185 3225 1240 3276 Seu.
1250 3226 1444 3292 Controurspr.

242 3297 287 3340 aut
305 3290 386 3354 elegia
408 3291 495 3349 cornis,
515 3290 589 3340 Mart.
607 3306 632 3340 v.
655 3304 693 3352 30,
714 3305 738 3354 4.
772 3291 819 3340 See
872 3289 935 3348 §16
958 3290 990 3338 ad
1013 3305 1110 3340 summa
1137 3303 1257 3341 evasurus·
1279 3293 1374 3341 iuvenis
1396 3295 1444 3342 nisi

244 3356 330 3420 Quint.
342 3374 365 3406 x.
382 3370 402 3416 1,
414 3361 427 3415 §
440 3371 478 3421 93.
870 3356 976 3404 modicis
988 3364 1116 3405 contentus
1127 3363 1197 3406 esset.

279 3425 419 3478 lascivias,
446 3420 635 3487 ‘playfulness.'
667 3421 722 3470 The
749 3421 820 3470 word
906 3435 944 3471 21.
961 3424 1085 3471 ludicrae
1103 3458 1125 3472 ..
1140 3457 1146 3468 .
1164 3427 1253 3471 artes:
1272 3423 1329 3472 ‘the
1345 3439 1444 3473 accom-

243 3486 364 3537 indicates
390 3487 542 3536 exuberance
565 3487 594 3536 oi
619 3502 667 3550 any
693 3487 763 3547 kind,
792 3503 819 3534 as
870 3485 1204 3550 plishmentsosthearena)
1231 3487 1323 3538 Seneca
1334 3491 1445 3553 supplies

244 3554 342 3616 against
359 3567 441 3602 severe
457 3552 584 3601 restraint:
612 3552 677 3600 Hor.
690 3554 721 3601 A.
731 3553 757 3600 P.
773 3551 818 3600 106
871 3566 886 3598 a
897 3551 1040 3601 definition:
1059 3552 1169 3602 ludicrae
1181 3560 1237 3601 sunt
1246 3569 1309 3617 quae
1317 3555 1349 3602 ad
1357 3556 1445 3620 volup-

243 3618 370 3667 ludentem
387 3618 480 3667 lasciva
495 3616 581 3682 (verba
597 3617 694 3681 decent)
707 3633 819 3677 severum
870 3624 947 3665 tatem
968 3617 1096 3667 oculorum
1116 3626 1189 3681 atque
1211 3621 1307 3667 aurium
1330 3620 1444 3680 tendunt,

160 3713 162 3717 ·
243 3680 645 3747 seria·dicta,i.e.‘sportive’as
662 3683 774 3746 opposed
791 3690 818 3731 to
870 3683 919 3747 Ep.
930 3684 1021 3743 88,aa.
1055 3683 1103 3746 Cp.
1115 3683 1199 3745 Quint.
1212 3683 1248 3732 iii.
1260 3682 1283 3740 6,
1299 3687 1336 3733 18.

243 3747 381 3797 ‘serious’r
399 3749 446 3812 Ep.
454 3748 480 3797 ii.
495 3762 516 3806 2,
533 3748 579 3796 216
591 3747 684 3796 lasciva
694 3748 819 3797 decentius
904 3761 942 3795 aa.
960 3751 1141 3796 Nicostratus
1157 3764 1208 3797 was
1225 3765 1256 3797 an
1274 3758 1403 3799 ornament
1420 3751 1449 3800 oi

243 3821 321 3873 aetas,
332 3815 399 3862 ‘that
416 3829 475 3876 may
491 3829 560 3863 more
577 3813 735 3877 becomiugly
745 3815 819 3862 make
869 3813 911 3862 the
927 3813 1059 3877 prius-ring
1074 3814 1099 3861 in
1120 3814 1162 3861 the
1178 3813 1267 3862 earlier
1285 3823 1341 3879 part
1361 3817 1389 3864 ol
1402 3814 1446 3866 the

244 3876 341 3942 merry.'
375 3879 409 3928 So
417 3879 556 3941 Quintilian
566 3894 631 3943 says,
640 3879 817 3929 Ovidiusutro·
869 3878 921 3926 first
944 3889 1052 3942 century.
1087 3878 1226 3941 Quintilian
1245 3879 1297 3928 had
1315 3895 1371 3930 seen
1391 3881 1444 3930 him

245 3960 293 4009 que
307 3943 421 4008 (Tibullo
435 3951 460 3992 et
471 3945 611 4008 Propertio)
624 3944 740 3994 lascivior
755 3945 819 3994 sicut
868 3945 941 3993 when
957 3961 973 3992 a
988 3960 1073 4008 young
1089 3959 1147 3992 man
1160 3944 1198 4008 (ii.
1210 3946 1234 4002 8,
1249 3948 1300 4008 14),
1317 3945 1367 3994 and
1380 3946 1443 3994 Pau-

244 4010 329 4059 durior
345 4008 443 4068 Gallus,
461 4023 577 4073 x.1,93,
593 4010 674 4059 where
693 4026 733 4060 see
751 4018 817 4059 note.
869 4010 951 4058 sanias
971 4009 1004 4073 (v.
1023 4023 1061 4065 21,
1081 4008 1124 4073 11)
1143 4011 1212 4073 gives
1231 4011 1270 4058 his
1288 4027 1360 4060 name
1382 4028 1410 4060 as
1430 4029 1445 4060 a

244 4075 363 4124 Lasciva
383 4091 463 4124 recurs
481 4076 555 4124 twice
577 4075 603 4124 in
625 4075 667 4125 the
684 4075 818 4140 Dialogus,
869 4074 983 4124 victorin
995 4075 1036 4124 the
1048 4075 1278 4139 OlympicGames.

245 4142 296 4190 chs.
310 4143 348 4191 26.
362 4150 376 4203 7
388 4141 437 4189 and
448 4141 487 4190 29.
502 4150 523 4204 7.
904 4155 916 4188 a
920 4155 942 4202 3.
961 4145 998 4189 ad
1008 4156 1141 4202 pugnam,
1153 4141 1171 4188 i.
1181 4157 1201 4189 e.
1216 4141 1248 4188 ad
1259 4140 1408 4206 pugilatum.

278 4209 503 4268 amaritudinem,
516 4203 673 4269 ‘acrimony’
692 4205 747 4254 The
756 4205 818 4268 fign-
904 4221 942 4267 24.
959 4209 1074 4264 inauli.
1097 4241 1103 4254 .
1126 4241 1133 4254 .
1156 4209 1241 4255 iaetu
1291 4207 1393 4256 Tacitus
1420 4209 1446 4257 in

243 4272 321 4320 rative
330 4287 373 4320 use
385 4271 413 4319 ol
420 4271 470 4320 this
478 4272 547 4320 word
556 4287 641 4320 occurs
649 4273 673 4319 in
682 4271 820 4334 Quintilian
869 4271 913 4320 the
930 4271 1056 4334 Dialogue
1073 4271 1134 4320 does
1150 4279 1195 4320 not
1214 4271 1288 4320 avoid
1304 4272 1346 4322 the
1361 4272 1445 4335 juxta·

246 4337 400 4400 (x.1,117),
424 4336 498 4399 Pliny
517 4337 559 4386 the
575 4337 700 4400 Younger,
719 4336 818 4394 Seneca,
870 4337 979 4401 position
999 4337 1028 4384 ol
1045 4335 1087 4385 the
1105 4351 1173 4384 same
1190 4352 1218 4384 or
1235 4335 1331 4386 similar
1346 4339 1446 4388 words:

244 4402 295 4449 and
312 4402 427 4450 Valerius
444 4402 577 4466 Maximus.
612 4402 697 4464 Quint.
714 4418 739 4451 x.
753 4415 774 4464 1,
788 4401 820 4467 96
872 4403 1045 4452 2.6studiose
1126 4401 1283 4454 studiorum:
1310 4405 1332 4457 i.
1352 4404 1446 4456 alatus
