3224 5080
251 329 292 399 82
640 332 874 396 CORNELII
894 332 1059 397 TACITI

252 496 303 553 est
330 497 443 552 orator
467 486 525 570 qui
552 488 596 552 de
626 488 718 552 omni
747 488 943 570 quaestione
972 486 1108 570 pulchre
1136 494 1171 553 et
1200 498 1316 574 ornate
1346 497 1380 552 et
1409 488 1456 552 ad

251 602 517 685 persuadendum
542 608 620 683 apte
647 600 756 664 dicere
785 619 848 683 pro
873 585 1036 684 dignitate
1059 621 1179 678 rerum,
1203 600 1246 665 ad
1273 599 1455 665 utilitatem

251 722 449 795 temporum,
465 731 541 777 curn
556 711 729 794 voluptate
743 710 948 776 audientium
963 712 1080 794 possit.

295 827 353 896 31.
377 825 453 888 Hoc
466 824 528 888 sibi
545 823 591 887 illi
606 832 735 888 veteres
750 832 989 906 persuaserant,
1000 826 1044 889 ad
1056 823 1120 890 hoc
1136 824 1342 890 efficiendum
1354 822 1455 888 intel-

250 936 407 1022 legebant
422 958 506 1020 opus
522 956 602 1011 esse,
617 956 684 1001 non
703 944 740 1000 ut
760 937 794 998 in
817 934 987 1000 rhetorum
1003 936 1125 1001 scholis
1140 937 1375 1106 dec‘lymarenb
1391 955 1454 1000 nec

250 1057 288 1114 ut
308 1049 393 1113 fictis
413 1069 473 1114 nec
496 1048 564 1112 ullo
587 1048 749 1113 modoad
769 1046 1199 1146 *QQQUS
1222 1048 1453 1114 controversiis

249 1159 397 1244 linguam
424 1162 525 1226 modo
549 1169 583 1225 et
608 1178 724 1223 vocem
750 1167 948 1236 exercerent,
975 1161 1033 1226 sed
1059 1169 1096 1224 ut
1122 1159 1162 1224 iis
1188 1162 1312 1226 artibus
1335 1170 1454 1245 pectus

220 1273 423 1359 simplerent
446 1273 479 1335 in
502 1271 622 1356 quibus
645 1272 688 1335 de
709 1270 804 1335 bonis
825 1291 864 1335 ac
879 1270 991 1348 malis,
1007 1260 1050 1336 de
1071 1272 1213 1337 honesto
1233 1283 1267 1338 et
1288 1271 1453 1382 turpidde

249 1386 338 1450 iusto
361 1394 395 1449 et
417 1384 537 1448 iniusto
559 1381 874 1467 disputatur3'haec
900 1383 989 1445 enim
1012 1393 1063 1448 est
1085 1385 1209 1448 oratori
1233 1383 1385 1486 suly'ecta
1401 1383 1453 1447 'ad

283 1516 325 1562 ³1.
344 1526 365 1560 1.
384 1512 426 1560 hoc
438 1510 549 1572 ΕΜΔ,
562 1510 602 1573 hyr
613 1510 697 1566 BDH‚
708 1509 751 1561 hec
761 1510 794 1561 A.
844 1508 881 1556 ad
890 1508 933 1558 boc
946 1509 1100 1575 ffa'endum
1116 1511 1195 1570 Ate,
1208 1511 1245 1560 ad
1255 1511 1313 1560 haec
1325 1511 1454 1576 efficienda

248 1585 305 1630 cett.
313 1578 386 1628 codd.
453 1592 477 1638 4.
493 1582 632 1625 exercerent
642 1575 736 1637 Ev,H‚
746 1580 859 1624 exercent
871 1575 1000 1625 necat).
1037 1575 1070 1624 iis
1081 1576 1134 1631 CA,
1141 1575 1193 1625 lu'r's
1205 1576 1239 1636 D,
1247 1575 1288 1624 his
1298 1577 1410 1636 ABEV,
1424 1576 1454 1624 ἐκ

250 1642 486 1774 gislxlxivasupfiztrZet
503 1641 632 1691 Baehrens
716 1639 740 1690 ⁶.
756 1640 826 1690 enim
842 1645 878 1688 est
891 1640 975 1701 ΑΒΗ,
992 1646 1029 1690 est
1043 1640 1111 1690 enim
1127 1641 1276 1706 EV2CAD:
1291 1656 1333 1691 see
1350 1641 1448 1691 Introd.

250 1815 388 1881 frequently
399 1814 476 1878 urged
488 1814 520 1882 by
529 1813 632 1864 Cicero:
651 1829 691 1882 cp.
701 1813 732 1864 de
744 1812 787 1862 Or.
797 1813 823 1862 ii.
875 1827 938 1890 opus
954 1812 1042 1862 nutrici
1056 1852 1062 1865 .
1076 1850 1083 1862 .
1095 1849 1101 1862 .
1113 1821 1194 1866 utrem
1209 1821 1238 1863 nt
1253 1815 1345 1864 habeat
1362 1813 1452 1864 veteris

251 1887 264 1941 5
284 1895 299 1944 5
319 1880 444 1929 neminem
463 1878 606 1943 eloquentia
624 1914 649 1929 ..
664 1915 670 1930 .
688 1879 741 1929 sine
757 1878 824 1928 omni
874 1878 940 1928 vini:
963 1879 997 1928 ib.
1012 1879 1038 1928 ii.
1058 1894 1081 1942 3,
1101 1889 1114 1942 7
1132 1879 1194 1928 mihi
1213 1917 1220 1930 .
1238 1916 1249 1942 .
1264 1918 1270 1930 .
1287 1895 1350 1943 opus
1368 1887 1406 1929 est
1423 1888 1452 1930 nt

249 1947 372 2011 sapientia
400 1945 486 1994 florere
514 1959 623 2008 unquam
651 1952 676 1992 et
700 1951 824 2010 praestare
874 1943 971 1992 lavem:
989 1944 1016 1993 ii.
1029 1942 1052 2002 6,
1067 1958 1098 2008 19
1112 1961 1178 1995 nunc
1193 1945 1240 1994 tibi
1258 1954 1331 2010 opust
1349 1961 1452 2009 aegram

199 2035 200 2044 ¹
250 2013 368 2090 potuisse.
413 2011 510 2059 Etenim
533 2018 627 2058 oeterae
646 2009 697 2058 fere
717 2019 781 2059 artes
798 2025 824 2059 se
874 2015 903 2057 ut
918 2015 943 2058 te
954 2009 1105 2059 adsimules:
1126 2011 1201 2060 Poen.
1213 2027 1236 2060 r.
1251 2022 1273 2074 7,
1287 2024 1318 2059 1ο
1329 2011 1371 2060 hic
1387 2026 1452 2076 opus

249 2092 319 2142 ipsae
328 2092 373 2141 per
380 2090 406 2124 se
417 2081 516 2124 tuentur
526 2075 653 2138 singulae:
672 2075 824 2124 benedicere
873 2080 911 2123 est
922 2074 1019 2138 aliquot
1030 2082 1057 2125 ut
1068 2091 1168 2124 maneas
1179 2076 1240 2126 dies.

250 2149 333 2192 autem
350 2176 395 2190 ...
411 2157 461 2189 nou
478 2140 552 2195 habet
569 2139 696 2190 definitam
713 2139 824 2208 aliquam
909 2153 932 2200 3.
950 2143 1025 2193 notia
1043 2176 1089 2192 ...
1106 2145 1316 2191 controversiis.
1352 2141 1408 2191 Cic.
1420 2141 1453 2190 de

249 2208 376 2272 regionem
387 2206 457 2258 cuius
467 2205 577 2254 terminis
589 2214 673 2269 saepta
684 2212 815 2257 teneatur..
875 2204 921 2254 Or.
938 2204 955 2254 i.
975 2209 988 2263 5
1009 2219 1054 2268 149
1071 2207 1187 2270 equidem
1203 2207 1284 2271 probo
1300 2206 1349 2254 ista
1364 2244 1371 2256 .
1386 2244 1392 2256 .
1405 2243 1411 2254 .
1423 2214 1452 2256 ut

286 2276 323 2322 nh.
338 2269 823 2335 eluditur,‘simplexprocomposito,’
875 2285 951 2320 causa
969 2269 1055 2335 aliqua
1073 2272 1156 2334 posita
1175 2271 1299 2321 consimili
1319 2287 1452 2321 causamm

249 2340 295 2389 D‘.
311 2343 323 2398 5
339 2351 386 2400 25:
403 2336 547 2400 cp.1ntrod.
560 2334 637 2401 plui.
874 2351 962 2383 earum
979 2337 1086 2403 quaein
1103 2338 1184 2386 forum
1208 2337 1357 2395 deseruntur,
1381 2337 1451 2386 dicat

283 2405 535 2460 isestorntor,&c.
561 2401 617 2450 Cic.
629 2401 660 2450 de
674 2401 717 2450 Or.
729 2401 746 2450 i.
758 2401 791 2464 64
802 2403 823 2451 is
874 2415 950 2464 quam
970 2402 1079 2450 maxime
1098 2402 1131 2451 ad
1150 2403 1279 2451 veritatem
1303 2402 1450 2452 adcommo-

250 2477 333 2520 orator
350 2470 397 2516 erit
415 2483 470 2516 mee
489 2467 611 2516 sententia
625 2466 675 2514 hoc
688 2473 741 2514 tam
752 2469 823 2531 gravi
875 2465 939 2514 date.
974 2466 1023 2516 Sed
1034 2467 1146 2531 plerique
1157 2467 1184 2518 in
1198 2467 1247 2517 hoc
1259 2483 1347 2517 vocem
1362 2468 1451 2528 modo,

249 2536 339 2599 dignus
347 2533 457 2593 nornine,
469 2533 519 2597 qui,
531 2547 701 2595 quaecumque
712 2547 750 2580 res
761 2533 823 2584 inci-
873 2546 889 2579 n
922 2547 953 2580 ue
964 2547 1020 2581 eam
1031 2533 1145 2591 scienter,
1156 2539 1181 2584 et
1192 2534 1256 2582 vires
1266 2541 1381 2584 exercent
1393 2549 1451 2583 suas

248 2597 684 2664 deritquaesitdictioneexplicauda,
692 2598 824 2660 prudenter
873 2602 898 2645 et
925 2597 1015 2660 inguae
1028 2597 1178 2647 celeritatem
1194 2598 1297 2650 incitant
1307 2599 1451 2648 verborum-

249 2675 274 2715 et
285 2665 423 2729 composite
432 2672 456 2712 et
465 2670 550 2712 ornate
561 2673 585 2711 et
595 2663 736 2711 memoriter
747 2663 822 2724 dicet,
873 2677 921 2726 que
930 2661 1065 2727 frequentia
1073 2663 1233 2713 delectantur.
1252 2664 1339 2727 Quint.
1349 2680 1373 2712 x.
1385 2677 1409 2723 1,
1420 2677 1450 2711 11

249 2748 305 2784 cum
318 2730 427 2795 quedam
439 2730 543 2778 actionis
554 2731 630 2778 etiam
642 2727 771 2792 dignitate.
852 2742 923 2840 ¹guo
950 2726 979 2776 tit
1004 2733 1031 2776 ut
1057 2728 1137 2781 minus
1159 2729 1286 2794 sanguinis
1307 2745 1337 2779 ac
1359 2729 1451 2777 virium

283 2809 321 2860 27.
341 2799 467 2856 pulchro,
492 2794 521 2843 oi
538 2809 611 2858 grace
633 2808 662 2841 or
684 2793 775 2856 beauty
796 2794 826 2842 of
890 2791 1069 2842 eclamationes
1086 2793 1194 2842 habeant
1216 2810 1291 2858 quam
1313 2796 1449 2855 orationes,

248 2862 320 2925 style,
331 2877 359 2909 as
370 2861 423 2910 Cic.
436 2861 477 2909 Or.
491 2863 504 2918 5
516 2870 562 2922 ²²7
572 2857 674 2923 pulchre
682 2866 707 2907 et
715 2861 822 2918 oratorie
873 2857 940 2923 quod
949 2859 975 2912 in
984 2858 1036 2906 illis
1044 2874 1102 2908 vera
1110 2859 1182 2911 inhia
1190 2859 1334 2909 adsimilata
1343 2861 1451 2909 materia

247 2927 346 2976 dicere:
367 2941 406 2989 cp.
418 2925 448 2973 de
463 2925 517 2976 Fin.
531 2924 597 2987 563.
631 2923 693 2972 This
710 2925 731 2972 is
747 2925 821 2972 much
873 2929 925 2973 est:
944 2924 978 2972 ib.
991 2936 1005 2986 5
1019 2928 1032 2982 5
1046 2933 1085 2986 17.

248 2992 351 3056 simplet
360 2991 420 3039 than
431 2997 459 3042 to
470 2990 529 3039 take
539 2990 581 3038 the
592 2989 662 3036 word
673 2989 698 3037 in
710 3006 725 3038 a
741 2989 821 3038 moral
902 2992 1063 3049 'verimtom
1076 2989 1144 3038 ‘real
1156 2987 1215 3042 liie'

248 3073 317 3106 sense
330 3055 431 3117 (καλῶς’)
442 3055 491 3104 and
508 3063 535 3104 to
552 3055 613 3102 refer
627 3055 657 3112 it,
669 3054 730 3103 with
745 3054 819 3118 John,
905 3068 929 3114 4.
947 3059 1056 3114 pentus,
1068 3054 1110 3104 the
1120 3055 1205 3105 mind:
1223 3071 1263 3118 cp.
1279 3054 1344 3104 Hor.
1356 3054 1408 3104 Sat.
1421 3056 1449 3107 ii.

247 3130 275 3172 to
282 3118 540 3185 Quintilian'smaxim
548 3123 609 3169 ‘non
618 3134 690 3182 posse
699 3128 822 3170 oratorem
872 3133 896 3181 4,
905 3133 937 3182 90
946 3120 1058 3183 quamvis
1068 3122 1172 3169 memori
1180 3121 1269 3170 referas
1279 3121 1339 3169 mihi
1348 3129 1450 3184 pectore

247 3186 359 3237 essenisi
371 3187 474 3246 bonum,
485 3185 501 3232 i.
513 3188 620 3248 pr.59:
639 3199 678 3246 cp.
690 3184 715 3232 ii.
731 3197 767 3246 15.
783 3199 803 3235 1.
873 3190 968 3234 cuncta.
1003 3183 1038 3234 So
1055 3186 1129 3248 again
1145 3185 1199 3236 Cic.
1213 3186 1245 3235 de
1261 3186 1304 3235 Or.
1320 3186 1356 3236 iii.
1373 3191 1447 3245 5121

282 3257 390 3310 ornate,
407 3253 447 3301 81.
469 3264 513 3300 10:
541 3264 582 3312 cp.
604 3252 642 3299 18.
666 3261 703 3308 10,
722 3252 762 3301 21.
783 3264 822 3299 11.
871 3263 922 3297 non
945 3249 1011 3298 enim
1033 3250 1116 3299 solum
1138 3251 1249 3300 acuenda
1270 3252 1342 3300 nobis
1366 3267 1450 3316 neque

248 3318 303 3367 The
314 3317 383 3366 word
395 3316 454 3365 does
465 3323 509 3364 not
520 3331 548 3363 so
563 3316 636 3365 much
652 3313 758 3367 indicate
773 3332 823 3378 any
873 3315 1033 3378 procudenda
1045 3315 1140 3380 lingua,
1153 3317 1197 3364 sed
1211 3316 1361 3366 onerandum
1379 3333 1448 3366 com·

248 3400 295 3433 one
304 3383 403 3431 definite
412 3381 528 3430 attribute
536 3380 565 3429 oi
569 3380 639 3444 style,
647 3379 737 3430 asthat
745 3381 822 3429 union
872 3379 1040 3444 plendumque
1051 3389 1137 3444 pectus
1148 3381 1311 3430 maximarum
1324 3398 1405 3430 rerum
1421 3390 1449 3432 et

248 3449 279 3498 of
292 3448 408 3513 qualities
424 3446 506 3495 which
526 3446 595 3509 gives
611 3446 753 3496 distinction
771 3445 822 3494 and
872 3444 1034 3509 plurimarum
1046 3447 1173 3505 suantate,
1186 3448 1267 3511 copia,
1280 3447 1390 3496 veritate.

248 3513 326 3564 eolat:
335 3511 490 3563 iorCicero’s
497 3510 683 3571 definition‚see
690 3511 721 3560 de
730 3512 775 3561 Or.
784 3512 821 3561 iii.
906 3524 929 3573 5.
946 3514 1029 3559 bonis
1042 3547 1049 3560 .
1062 3545 1069 3558 .
1081 3547 1087 3559 .
1097 3515 1186 3562 malin
1209 3512 1265 3561 The
1276 3513 1448 3562 enumeration

248 3585 262 3638 5
275 3593 306 3643 53
320 3578 423 3642 (quoted
435 3593 467 3625 on
480 3579 518 3626 18.
534 3579 584 3639 10).
872 3574 1449 3641 showsthatthemoralaspectisprominent,as

280 3648 317 3694 ad
332 3646 558 3700 persuadendum
575 3647 647 3698 apte.
681 3640 716 3691 So
729 3643 821 3706 ‘appo
872 3639 1448 3707 Ann.vi.36,13(quisnequeboniintellectus

247 3709 295 3759 site
307 3709 340 3758 ad
349 3705 561 3773 persuadendum,’
571 3707 625 3756 Cic.
634 3707 666 3755 de
675 3707 728 3755 Inv.
738 3707 754 3755 i.
766 3711 778 3765 5
789 3705 820 3756 6:
871 3721 950 3769 neque
967 3706 1028 3754 mali
1045 3709 1115 3770 cura)
1128 3707 1178 3756 and
1194 3707 1333 3757 elsewhere.
1366 3709 1446 3771 John,

249 3775 300 3823 ‘ad
327 3772 524 3838 persuadendum
553 3769 763 3832 adcommodate,’
788 3773 820 3822 de
871 3787 904 3820 on
921 3771 963 3820 the
979 3771 1051 3821 other
1063 3771 1137 3831 hand,
1150 3772 1312 3822 understands
1328 3775 1450 3822 maten'al

247 3840 415 3900 0115138.
450 3836 495 3886 See
507 3833 592 3901 Quint.
604 3838 630 3886 ii.
644 3851 680 3900 15.
870 3836 936 3900 good
958 3837 1007 3884 and
1027 3836 1188 3896 etih-what
1204 3854 1242 3886 we
1260 3846 1325 3888 meet
1341 3839 1402 3887 with
1420 3839 1447 3888 in

282 3908 320 3954 18.
338 3909 374 3954 ad
385 3906 541 3953 utilitatem
556 3910 723 3961 temporum,
736 3903 762 3951 in
778 3919 818 3953 ac·
869 3901 988 3965 practical
1000 3900 1060 3950 lise:
1077 3903 1131 3952 Cic.
1142 3902 1174 3951 de
1186 3903 1229 3952 Or.
1242 3903 1259 3953 i.
1273 3908 1285 3962 5
1297 3918 1328 3966 4²
1341 3903 1405 3951 nihil
1421 3910 1447 3954 te

247 3971 367 4020 cordance
383 3969 444 4018 with
463 3971 530 4018 what
549 3970 570 4016 is
587 3968 716 4032 expedient
732 3969 759 4016 in
777 3968 819 4018 the
869 3966 900 4014 de
923 3968 994 4016 bonis
1015 3969 1089 4017 rebus
1110 3969 1135 4016 in
1158 3967 1212 4017 vita
1232 3968 1295 4018 nihil
1317 3969 1349 4019 de
1370 3968 1446 4018 malis

246 4037 441 4086 circumstances.
477 4035 526 4098 Cp.
539 4034 623 4097 Quint.
636 4050 659 4083 x.
676 4048 699 4095 3,
714 4046 743 4096 15
758 4034 819 4097 qnid
869 4032 994 4090 didicisse,
1007 4033 1051 4083 Or.
1064 4037 1077 4092 5
1093 4034 1147 4082 118.

245 4118 283 4152 res
294 4108 396 4167 poscat.
410 4138 416 4150 .
430 4101 513 4165 .quod
525 4101 556 4148 sit
568 4105 682 4162 tempus:
701 4100 734 4148 xi.
746 4098 817 4162 ¹‚4⁶·
902 4097 925 4146 6.
944 4100 1072 4147 subiecta
1088 4103 1125 4147 ad
1143 4101 1295 4148 dicendum
1315 4102 1444 4159 materia,

280 4182 317 4231 19.
337 4183 403 4217 eum
413 4170 560 4222 voluptate
571 4166 758 4213 audientium.
776 4163 818 4212 Ad
868 4162 911 4212 the
922 4163 1015 4226 subject
1026 4171 1115 4213 matter
1123 4163 1152 4212 of
1160 4173 1266 4226 oratory,
1274 4167 1291 4225 ἡ
1299 4163 1444 4227 ὑποκειμένη

245 4233 355 4283 Herenn.
374 4237 386 4290 5
404 4246 416 4279 2
433 4247 489 4280 curn
506 4228 650 4278 adsensione
667 4229 816 4278 auditorum.
867 4226 924 4290 ὕλη.
965 4228 998 4278 So
1016 4229 1069 4278 Cic.
1087 4229 1119 4278 de
1135 4227 1178 4278 O'r.
1196 4230 1223 4279 ii.
1242 4235 1255 4288 5
1274 4228 1319 4277 116
1337 4230 1368 4278 ad
1387 4245 1444 4294 pro-

278 4303 318 4348 81.
337 4313 360 4346 a.
380 4312 451 4354 opus
467 4311 527 4345 esse
540 4331 547 4346 .
562 4330 588 4344 ..
606 4299 645 4344 ut.
680 4294 742 4342 This
759 4309 817 4344 con·
867 4294 977 4343 bandum
989 4302 1072 4342 autern
1084 4295 1178 4358 duplex
1186 4301 1223 4343 est
1232 4295 1323 4343 oratori
1333 4295 1444 4345 subiecta

243 4363 372 4421 struction,
391 4361 471 4410 which
491 4375 576 4410 occurs
593 4360 618 4407 in
636 4359 738 4408 Tacitus
757 4359 817 4423 only
867 4361 995 4408 materies:
1022 4359 1056 4408 ib.
1078 4373 1099 4407 1.
1119 4364 1131 4417 5
1152 4372 1208 4418 201,
1226 4360 1261 4410 iii.
1280 4364 1293 4418 5
1312 4375 1352 4422 54.
1394 4360 1443 4425 Cp.

243 4427 310 4487 here,
324 4427 345 4476 is
359 4425 436 4475 found
451 4427 477 4475 in
493 4425 604 4483 Plautus,
617 4424 689 4474 Truc.
704 4441 728 4473 v.
746 4437 768 4482 1,
785 4437 813 4474 11
868 4424 968 4474 uberem
980 4425 1156 4476 addicendum
1167 4428 1297 4474 materiam
1308 4425 1349 4480 87.
1363 4425 1402 4477 18.
