3224 5080
442 323 681 385 DIALOGUS
701 322 770 381 DE
792 320 1094 384 ORATORIBUS.
1330 335 1369 403 73

169 495 303 570 veritus,
337 497 444 573 cred0,
475 515 518 559 ne
555 494 678 558 multos
707 492 891 560 offenderet
920 492 948 557 si
979 512 1102 576 paucos
1140 490 1369 575 excerpsisset.

29 585 62 612 .,.
78 586 132 634 aar
169 599 302 696 ngt‘us
325 608 413 672 enim
439 599 578 691 quisine
602 605 874 672 scholasticorum
900 625 969 670 non
991 603 1054 670 hac
1076 625 1137 669 sua
1158 604 1370 688 persuasione
1383 618 1429 667 30.
1443 635 1496 706 pm

61 689 72 735 ¹⁸
119 731 149 773 t*
167 703 293 797 fruitur,
315 729 351 784 ut
369 741 406 783 se
427 730 505 784 ante
526 718 721 785 Ciceronem
742 726 901 795 numeret,
917 718 976 781 sed
997 717 1095 802 plane
1115 725 1191 800 post
1212 715 1369 782 Gabinia·

169 837 271 895 num?
316 831 366 895 At
386 852 450 915 ego
471 851 537 895 non
552 832 690 896 verebor
710 831 880 895 nominare
894 829 1051 912 singulos,
1067 850 1134 913 quo
1148 829 1276 893 facilius
1288 849 1368 912 pro-

168 933 285 1025 positis
301 943 463 1026 exemplis
483 927 642 1026 adpareat
658 943 777 1026 quibus
794 942 953 1028 gradibus
969 941 1072 1007 fracta
1087 942 1130 1006 sit
1148 951 1181 1006 et
1197 942 1369 1007 deminuta

169 1052 375 1137 eloquentia’

212 1169 273 1238 27.
297 1166 454 1250 ‘Appara
466 1165 636 1250 te’inquit
648 1168 879 1233 Maternus‘et
891 1168 1002 1250 potius
1013 1166 1149 1230 exsolve
1159 1166 1368 1248 promissum.
1436 1187 1438 1191 ·

169 1278 288 1361 Neque
310 1281 398 1343 enim
421 1281 484 1345 hoc
507 1280 878 1363 cofflgidesideramus,
900 1279 1089 1344 disertiores
1112 1299 1183 1343 esse
1205 1279 1369 1362 antiquos,
1427 1269 1514 1365 lala

169 1391 258 1472 quod
284 1393 374 1473 apud
399 1412 452 1455 me
474 1391 609 1474 quidem
633 1393 666 1455 in
689 1391 837 1457 confesso
859 1401 919 1469 est,
942 1393 1001 1456 sed
1026 1411 1140 1455 causas
1162 1391 1369 1472 exquirimus
1519 1369 1523 1383 Λ

169 1521 251 1583 quas
279 1511 315 1567 te
344 1502 478 1567 solitum
509 1512 651 1568 tractare
675 1504 775 1588 paulo
803 1513 882 1569 ante
911 1503 1038 1580 dahti,
1067 1503 1166 1587 plane
1196 1503 1307 1568 mitior
1336 1513 1369 1567 et

169 1613 376 1696 eloquentiae
404 1599 593 1699 temporum
624 1627 812 1682 nostrorum
843 1617 950 1681 minus
984 1617 1096 1693 iratus,
1125 1625 1303 1700 antequam
1333 1625 1398 1697 te5

169 1725 264 1808 Aper
277 1725 461 1794 offenderet
476 1730 616 1795 maiores
631 1739 707 1794 tuos
722 1725 934 1810 lacessendo?

203 1893 242 1944 ²9·
259 1879 390 1944 effindmt
399 1889 464 1932 most
475 1881 560 1942 codd„
571 1883 676 1934 laederet
687 1884 716 1934 B.
792 1896 832 1946 31.
849 1881 982 1944 sedeodd,
991 1883 1039 1934 etsi
1049 1881 1159 1944 Schoell,
1169 1883 1256 1944 Halm,
1267 1882 1369 1934 Miiller.

169 1958 208 2008 ³3·
217 1944 307 2010 fracta
319 1947 346 2003 B,
350 1945 424 2009 freta
435 1948 603 2008 ADCHEV..

202 2013 244 2063 27.
265 2023 287 2060 1.
303 2013 409 2075 Appara
420 2019 444 2062 te
455 2013 483 2071 B,
497 2016 626 2078 Apparate
637 2015 684 2064 'AC
699 2014 789 2079 (above
798 2015 840 2064 the
849 2013 899 2064 line
909 2013 1018 2079 aparte),
1029 2017 1125 2079 Apartc
1133 2015 1192 2076 DA,
1200 2017 1294 2079 Aperte
1302 2015 1368 2076 Ev,

169 2079 337 2141 Approperate
349 2078 429 2141 RSp..
441 2080 587 2143 Appropera
598 2081 653 2130 Put.
687 2079 732 2130 See
744 2080 833 2129 below.
919 2094 940 2129 a.
958 2080 1001 2129 troc
1013 2080 1153 2140 Ev,CsH,
1165 2081 1207 2129 trec
1215 2081 1268 2140 ΑΒ,
1279 2081 1323 2143 hec
1333 2082 1367 2130 D.

169 2156 194 2205 4.
221 2140 314 2190 dixisti
330 2143 413 2207 suppl.
454 2145 460 2156 '
493 2145 545 2194 ius:
565 2146 643 2194 Halm
661 2145 724 2194 after
739 2151 852 2195 tractare.
886 2152 941 2194 tum
957 2145 1057 2210 quidem
1066 2146 1145 2210 plana
1161 2146 1255 2206 Haase,
1267 2146 1367 2196 Miiller.

169 2207 257 2256 mitior
263 2213 288 2255 et
297 2207 449 2272 eloquentiae
509 2209 553 2268 ele,
569 2212 658 2260 mitior
666 2212 805 2276 eloquentia
816 2218 841 2259 et
850 2211 923 2261 codd.
1054 2225 1077 2274 5.
1094 2210 1182 2260 minus
1192 2213 1276 2261 r'ratus
1288 2212 1367 2262 Weis-

169 2274 281 2332 senborn,
293 2273 403 2322 miratus
412 2273 496 2324 iratus
506 2276 580 2326 codd.

169 2396 298 2462 publicum
317 2397 483 2462 Ampsivariis
495 2400 514 2461 (‘
522 2404 549 2448 to
567 2399 609 2450 the
629 2400 662 2450 A.
680 2415 708 2450 as
727 2416 743 2450 a
793 2404 819 2448 et
832 2399 990 2456 Rhetoribus,
1001 2398 1040 2450 his
1051 2416 1124 2450 name
1135 2401 1156 2449 is
1174 2399 1263 2464 placed
1280 2400 1367 2451 imme·

169 2461 288 2527 people')
300 2463 435 2526 respondit,
447 2464 495 2528 ipsi
507 2465 636 2525 Boiocalo,
651 2469 696 2516 &o
794 2465 887 2528 diately
904 2465 985 2514 before
1002 2466 1055 2516 that
1072 2467 1101 2515 of
1116 2465 1269 2529 Quintilian:
1287 2467 1365 2530 Roth,

202 2532 387 2578 inoommune
398 2530 443 2590 (sis
452 2527 481 2577 τὸ
490 2530 584 2597 κοινόν)
594 2533 615 2580 is
623 2532 745 2596 specially
794 2547 820 2596 p.
835 2540 890 2593 272.

169 2593 281 2656 frequent
299 2593 325 2641 iu
340 2593 441 2644 Tacitus
463 2595 569 2656 (Gerber
591 2598 640 2647 and
660 2597 744 2658 Greef,
829 2609 869 2657 32·
886 2599 1014 2654 verebor,
1032 2611 1053 2645 e.
1072 2594 1140 2646 infin.
1173 2595 1222 2662 Cp.
1243 2596 1329 2660 Quint.
1340 2614 1364 2646 x.

169 2674 194 2723 p.
202 2657 272 2722 589).
306 2659 357 2707 For
369 2675 385 2708 a
397 2660 493 2710 similar
503 2662 632 2712 antithesis
643 2669 670 2712 to
686 2663 741 2712 that
796 2671 818 2725 7,
832 2660 862 2710 26
874 2668 947 2711 note:
967 2675 978 2710 1
995 2667 1007 2720 ς
1025 2674 1079 2710 101.

169 2725 235 2774 cited
257 2725 344 2784 above,
361 2741 400 2788 cp.
414 2727 497 2776 Germ.
511 2728 585 2776 xxvii.
602 2743 618 2792 9
635 2727 696 2778 haec
716 2730 742 2777 in
825 2730 874 2777 oh.
887 2731 929 2780 27.
946 2727 1366 2792 Maternurr'nterruptsMersalla,

169 2789 742 2858 communedeomniumGermanommorigine
793 2793 822 2840 in
849 2791 922 2840 order
942 2799 966 2841 to
988 2792 1091 2840 remind
1109 2792 1164 2840 him
1186 2794 1242 2843 that
1263 2794 1293 2843 Ire
1316 2794 1370 2842 bad

169 2871 199 2904 ac
210 2856 320 2904 moribus
331 2856 491 2920 accepimus:
508 2875 573 2908 nunc
588 2859 742 2923 singularum
792 2857 947 2907 undertaken
965 2863 990 2906 to
1006 2859 1100 2906 discuss
1118 2858 1159 2907 the
1177 2874 1260 2908 causes
1282 2857 1312 2923 os
1325 2861 1366 2908 the

169 2921 281 2985 gentium
292 2920 411 2981 instituta,
425 2926 471 2972 &o
686 2915 691 2932 ⁸
791 2923 885 2972 decline
895 2922 1038 2986 Moratory.

170 2990 465 3102 ..trahimini
483 2988 742 3116 ..Tl‘h‘tthh
793 2987 1365 3120 Mil:l·.tlrt‘.⁸.t⁹r.‘lt.ft²l.¹h.⁰.hlg

169 3132 297 3180 excerpere
392 3118 479 3182 possis,
504 3120 585 3168 where
609 3119 652 3170 the
673 3120 743 3170 word
791 3119 846 3170 that
865 3119 885 3167 it
901 3118 947 3167 has
966 3119 1028 3168 been
1045 3120 1170 3182 proposed
1187 3127 1214 3168 to
1233 3122 1366 3170 substitute

170 3181 278 3244 literally
291 3188 354 3230 =to
364 3191 466 3232 extract.
500 3185 546 3248 Cp.
560 3184 621 3234 with
637 3185 679 3235 the
690 3193 742 3235 text
791 3183 831 3232 for
850 3185 877 3233 it.
911 3183 1039 3233 Maternus
1057 3186 1078 3232 is
1095 3184 1164 3234 often
1181 3186 1299 3250 abruptly
1314 3203 1364 3236 em·

170 3247 256 3309 Quint.
278 3262 302 3296 x.
325 3261 348 3308 1,
367 3263 400 3312 44
420 3265 513 3313 pancos
530 3251 606 3311 enim,
624 3251 667 3314 qul
687 3259 743 3301 sunt
793 3249 879 3312 phatic
900 3248 926 3298 in
949 3249 1108 3314 introducing
1129 3267 1145 3298 a
1167 3258 1295 3302 sentence:
1322 3268 1361 3316 cp.

169 3313 366 3372 eminentissimi,
385 3329 514 3379 excerpere
539 3316 564 3364 in
584 3316 668 3365 animo
686 3324 742 3366 ests
791 3315 892 3376 credite,
915 3318 955 3365 41.
981 3328 1019 3379 19.
1059 3314 1101 3363 Tr.
1126 3316 1217 3365 ‘Make
1239 3315 1365 3381 ready.’—

169 3376 224 3426 Liv.
236 3379 301 3426 xxiv.
316 3379 353 3439 18,
368 3387 390 3440 7.
793 3379 873 3428 Halm
885 3381 958 3441 (after
966 3380 1108 3444 Michaelis)
1122 3382 1193 3430 reads
1207 3382 1257 3431 ‘At
1269 3381 1362 3446 parce':

202 3455 243 3502 30.
260 3446 501 3506 scholasticorum,
564 3446 741 3511 ‘professioual
791 3444 899 3509 perhaps
917 3447 1004 3511 ‘Apro
1021 3445 1109 3509 parce'
1127 3447 1212 3495 would
1229 3447 1261 3496 be
1278 3448 1364 3497 better.

169 3506 360 3560 rhetoricians':
379 3525 417 3574 cp.
432 3513 469 3560 15.
483 3511 515 3560 ad
526 3510 569 3561 fin.
792 3510 885 3559 Miiller
896 3509 942 3559 has
958 3513 1072 3576 ‘Operae
1089 3510 1178 3574 parce’
1198 3511 1290 3562 Usener
1306 3528 1363 3578 sug·

201 3578 391 3630 persuasione.
426 3576 481 3625 The
498 3577 568 3625 word
586 3577 609 3626 is
628 3577 741 3641 frequent
791 3584 858 3640 gests
871 3576 926 3624 ‘Ah
939 3575 1030 3639 paree,'
1043 3575 1134 3626 Meieer
1146 3574 1290 3642 ‘Apparet'

169 3638 195 3686 in
206 3639 256 3687 this
267 3655 336 3689 sense
347 3640 373 3688 in
386 3641 523 3705 Quintilian
534 3642 567 3692 xi.
580 3656 603 3704 3,
615 3655 643 3690 11
656 3657 742 3691 verum
826 3655 848 3690 a.
865 3644 975 3698 oollissi:
990 3643 1029 3695 17.
1040 3655 1083 3703 ²43
1095 3644 1135 3692 88.
1147 3655 1186 3705 19.
1204 3643 1254 3691 For
1262 3643 1305 3692 the
1311 3654 1365 3693 acc.

168 3703 207 3752 illi
225 3706 382 3768 persuasione
397 3722 441 3756 sua
460 3708 577 3756 fruantur.
610 3708 654 3758 Tr.
669 3709 742 3756 ‘how
792 3705 865 3756 eins.
879 3705 1363 3772 (after‘desideramus’)seeD¹.§146.

169 3768 217 3818 few
228 3769 297 3818 there
313 3786 354 3819 are
371 3771 429 3821 who
448 3773 482 3821 do
500 3779 544 3822 not
562 3771 644 3823 flatter
662 3772 741 3824 them·
825 3783 849 3832 3.
867 3775 898 3821 in
910 3775 1053 3822 confesso:
1070 3774 1110 3822 25.
1123 3783 1156 3836 7..

169 3833 248 3884 selves
259 3835 457 3900 byimagining‚'
469 3839 515 3887 &c
824 3851 848 3898 4
866 3840 951 3894 paulo
962 3845 1044 3889 ante:
1063 3841 1102 3888 15.
1117 3852 1155 3888 η.

203 3913 241 3962 31.
253 3907 390 3950 numeret.
410 3903 478 3954 Hist.
488 3903 513 3951 ii.
524 3912 562 3966 77,
575 3917 585 3951 1
596 3903 669 3952 nobis
678 3901 742 3951 nihil
825 3906 909 3959 plane
926 3902 1098 3969 f‘distiuetlyh
1116 3907 1214 3953 mitior
1229 3909 1273 3954 et.
1283 3906 1363 3953 ..mt-

169 3964 233 4014 ultra
249 3965 378 4029 adrogabo
395 3983 470 4032 quam
487 3983 519 4018 ne
536 3976 593 4033 post
611 3967 742 4018 Valentem
792 3981 847 4016 nus
863 3971 971 4018 iratua:
992 3972 1073 4020 s085.
1088 3982 1119 4032 14
1134 3970 1207 4034 plane
1222 3969 1325 4020 leviores
1339 3983 1363 4020 et

168 4037 194 4079 et
206 4031 339 4080 Caecinam
351 4047 512 4082 numeremur.
792 4033 873 4082 minus
884 4034 1028 4098 prudentiae
1039 4035 1170 4098 exigentes.

200 4099 293 4153 plane
327 4097 374 4147 See
390 4097 493 4161 Quintil.
505 4115 529 4148 x.
545 4098 639 4148 Introd.
659 4114 686 4163 p.
703 4098 740 4161 lii,
825 4097 848 4148 6.
866 4103 985 4149 maiores
1008 4105 1081 4150 tuos.
1116 4102 1141 4149 A
1159 4099 1280 4150 reference
1305 4115 1364 4163 may

169 4162 217 4210 aud
229 4176 267 4226 cp.
281 4161 357 4226 plane
368 4162 474 4213 leviores
485 4166 526 4214 8⁵.
541 4177 580 4228 14.
791 4164 823 4213 be
838 4163 955 4214 included
974 4165 1032 4215 here
1050 4171 1079 4213 to
1101 4167 1140 4214 25.
1163 4165 1196 4223 6;
1224 4164 1270 4212 but
1294 4180 1363 4213 more

203 4229 389 4289 Gabinianus,
423 4229 480 4279 Sex.
515 4230 603 4288 Iulius,
636 4245 690 4278 was
725 4245 740 4278 a
791 4229 1363 4294 specificallythephraseindicatesMessalla’s

168 4300 330 4356 countryman
342 4294 372 4342 of
380 4292 475 4358 Aper’s,
494 4295 544 4343 aud
561 4310 576 4343 a
593 4293 741 4344 rhetorician
791 4294 955 4358 relatiouship
967 4302 994 4344 to
1010 4295 1129 4344 Messalla
1144 4295 1266 4344 Corvinus
1277 4297 1317 4343 20.
1331 4309 1362 4345 a:

169 4358 199 4406 of
216 4365 287 4422 great
308 4367 401 4422 repnte.
435 4360 466 4409 In
483 4360 526 4408 the
543 4360 617 4408 iudex
636 4367 663 4409 to
681 4360 740 4409 Sue·
792 4362 831 4408 21.
850 4359 890 4422 3⁶.
924 4361 958 4408 So
975 4361 1001 4408 in
1022 4361 1089 4408 Hist.
1108 4360 1144 4410 iii.
1165 4375 1181 4424 9
1202 4358 1322 4410 Messalla
1341 4361 1364 4410 is

168 4423 443 4489 tonius'sfragmentary
449 4425 517 4474 work
524 4425 553 4474 de
563 4426 742 4476 Grammaticis
792 4425 887 4490 spoken
899 4426 928 4475 of
937 4441 965 4475 as
976 4425 1066 4476 ‘claris
1077 4422 1228 4475 maioribus?
