<?xml version="1.0" encoding="UTF-8"?>
<!DOCTYPE html PUBLIC "-//W3C//DTD XHTML 1.0 Transitional//EN"
    "http://www.w3.org/TR/xhtml1/DTD/xhtml1-transitional.dtd">
<html xmlns="http://www.w3.org/1999/xhtml" xml:lang="en" lang="en">
 <head>
  <title>
</title>
<meta http-equiv="Content-Type" content="text/html;charset=utf-8" />
  <meta name='ocr-system' content='tesseract 3.04.00' />
  <meta name='ocr-capabilities' content='ocr_page ocr_carea ocr_par ocr_line ocrx_word'/>
</head>
<body>
  <div class='ocr_page' id='page_1' title='image "./corneliitacitid01petegoog_0166.png"; bbox 0 0 3224 5080; ppageno 0'>
   <div class='ocr_carea' id='block_1_1' title="bbox 435 315 1360 421">
    <p class='ocr_par' dir='ltr' id='par_1_1' title="bbox 435 315 1360 421">
     <span class='ocr_line' id='line_1_1' title="bbox 435 315 1360 421; baseline -0.002 -41"><span class='ocrx_word' id='word_1_1' title='bbox 435 317 673 421; x_wconf 72' lang='lat' dir='ltr'><strong>DIALOGUS</strong></span> <span class='ocrx_word' id='word_1_2' title='bbox 693 317 760 379; x_wconf 84' lang='lat' dir='ltr'><strong>DE</strong></span> <span class='ocrx_word' id='word_1_3' title='bbox 784 318 869 380; x_wconf 85' lang='lat' dir='ltr'><strong>ORA</strong></span> <span class='ocrx_word' id='word_1_4' title='bbox 878 315 1085 381; x_wconf 85' lang='lat' dir='ltr'><strong>TORIBUS.</strong></span> <span class='ocrx_word' id='word_1_5' title='bbox 1318 317 1360 400; x_wconf 81' lang='lat'><strong>63</strong></span> 
     </span>
    </p>
   </div>
   <div class='ocr_carea' id='block_1_2' title="bbox 38 487 1360 666">
    <p class='ocr_par' dir='ltr' id='par_1_2' title="bbox 38 487 1360 666">
     <span class='ocr_line' id='line_1_2' title="bbox 38 487 1360 573; baseline 0 -21"><span class='ocrx_word' id='word_1_6' title='bbox 38 511 93 541; x_wconf 68' lang='grc' dir='ltr'><strong>ιι</strong></span> <span class='ocrx_word' id='word_1_7' title='bbox 161 497 196 552; x_wconf 88' lang='lat' dir='ltr'><strong>et</strong></span> <span class='ocrx_word' id='word_1_8' title='bbox 226 487 382 573; x_wconf 63' lang='lat' dir='ltr'><strong>insulsam</strong></span> <span class='ocrx_word' id='word_1_9' title='bbox 420 488 661 566; x_wconf 84' lang='lat' dir='ltr'><strong>scurrilitatem,</strong></span> <span class='ocrx_word' id='word_1_10' title='bbox 689 489 795 554; x_wconf 83' lang='lat' dir='ltr'><strong>variet</strong></span> <span class='ocrx_word' id='word_1_11' title='bbox 825 489 1109 570; x_wconf 89' lang='lat' dir='ltr'><strong>compositionem,</strong></span> <span class='ocrx_word' id='word_1_12' title='bbox 1148 507 1207 553; x_wconf 91' lang='lat' dir='ltr'><strong>nec</strong></span> <span class='ocrx_word' id='word_1_13' title='bbox 1245 508 1360 552; x_wconf 89' lang='lat' dir='ltr'><strong>omnes</strong></span> 
     </span>
     <span class='ocr_line' id='line_1_3' title="bbox 125 598 930 666; baseline 0.002 -2"><span class='ocrx_word' id='word_1_14' title='bbox 125 610 127 614; x_wconf 86' lang='lat'>&#39;</span> <span class='ocrx_word' id='word_1_15' title='bbox 162 598 325 664; x_wconf 82' lang='lat' dir='ltr'>clausulas</span> <span class='ocrx_word' id='word_1_16' title='bbox 341 622 408 664; x_wconf 92' lang='lat' dir='ltr'><strong>uno</strong></span> <span class='ocrx_word' id='word_1_17' title='bbox 424 610 458 665; x_wconf 91' lang='lat' dir='ltr'><strong>et</strong></span> <span class='ocrx_word' id='word_1_18' title='bbox 473 601 591 664; x_wconf 88' lang='lat' dir='ltr'><strong>eodem</strong></span> <span class='ocrx_word' id='word_1_19' title='bbox 608 603 709 666; x_wconf 94' lang='lat' dir='ltr'><strong>modo</strong></span> <span class='ocrx_word' id='word_1_20' title='bbox 725 602 930 666; x_wconf 77' lang='lat' dir='ltr'><strong>determinet</strong></span> 
     </span>
    </p>
   </div>
   <div class='ocr_carea' id='block_1_3' title="bbox 1198 650 1232 700">
    <p class='ocr_par' dir='ltr' id='par_1_3' title="bbox 1198 650 1232 700">
     <span class='ocr_line' id='line_1_4' title="bbox 1198 650 1232 700; baseline 0 -3"><span class='ocrx_word' id='word_1_21' title='bbox 1198 650 1232 700; x_wconf 67' lang='lat' dir='ltr'><strong>(i</strong></span> 
     </span>
    </p>
   </div>
   <div class='ocr_carea' id='block_1_4' title="bbox 206 712 1360 810">
    <p class='ocr_par' dir='ltr' id='par_1_4' title="bbox 206 712 1360 810">
     <span class='ocr_line' id='line_1_5' title="bbox 206 712 1360 810; baseline -0.004 -31"><span class='ocrx_word' id='word_1_22' title='bbox 206 714 267 782; x_wconf 83' lang='lat'><strong>23.</strong></span> <span class='ocrx_word' id='word_1_23' title='bbox 280 712 382 810; x_wconf 35' lang='lat' dir='ltr'><strong>(Nolo</strong></span> <span class='ocrx_word' id='word_1_24' title='bbox 406 714 547 777; x_wconf 90' lang='lat' dir='ltr'><strong>inridere</strong></span> <span class='ocrx_word' id='word_1_25' title='bbox 574 723 699 777; x_wconf 90' lang='lat' dir='ltr'><strong>rotam</strong></span> <span class='ocrx_word' id='word_1_26' title='bbox 728 714 929 778; x_wconf 88' lang='lat' dir='ltr'><strong>Fortunae</strong></span> <span class='ocrx_word' id='word_1_27' title='bbox 956 722 990 777; x_wconf 92' lang='lat' dir='ltr'><strong>et</strong></span> <span class='ocrx_word' id='word_1_28' title='bbox 1016 712 1303 802; x_wconf 35' lang='lat' dir='ltr'><strong>ius‘verrinum</strong></span> <span class='ocrx_word' id='word_1_29' title='bbox 1327 721 1360 775; x_wconf 91' lang='lat' dir='ltr'><strong>et</strong></span> 
     </span>
    </p>
   </div>
   <div class='ocr_carea' id='block_1_5' title="bbox 72 816 1532 1149">
    <p class='ocr_par' dir='ltr' id='par_1_5' title="bbox 17 816 1532 1149">
     <span class='ocr_line' id='line_1_6' title="bbox 161 816 1361 946; baseline 0.001 -58.897"><span class='ocrx_word' id='word_1_30' title='bbox 161 817 242 888; x_wconf 90' lang='lat' dir='ltr'><strong>illud</strong></span> <span class='ocrx_word' id='word_1_31' title='bbox 265 817 364 946; x_wconf 37' lang='lat' dir='ltr'><strong>&amp;tio</strong></span> <span class='ocrx_word' id='word_1_32' title='bbox 388 846 522 908; x_wconf 93' lang='lat' dir='ltr'><strong>quoque</strong></span> <span class='ocrx_word' id='word_1_33' title='bbox 544 816 673 910; x_wconf 76' lang='grc' dir='ltr'>εειιει9’</span> <span class='ocrx_word' id='word_1_34' title='bbox 664 846 697 890; x_wconf 88' lang='grc' dir='ltr'><strong>ιιι</strong></span> <span class='ocrx_word' id='word_1_35' title='bbox 720 828 873 890; x_wconf 91' lang='lat' dir='ltr'><strong>omnibus</strong></span> <span class='ocrx_word' id='word_1_36' title='bbox 889 826 1092 892; x_wconf 89' lang='lat' dir='ltr'><strong>orationibus</strong></span> <span class='ocrx_word' id='word_1_37' title='bbox 1115 846 1176 908; x_wconf 92' lang='lat' dir='ltr'><strong>pro</strong></span> <span class='ocrx_word' id='word_1_38' title='bbox 1199 825 1361 889; x_wconf 90' lang='lat' dir='ltr'><strong>sententia</strong></span> 
     </span>
     <span class='ocr_line' id='line_1_7' title="bbox 72 936 1361 1052; baseline 0.003 -54.836"><span class='ocrx_word' id='word_1_39' title='bbox 72 965 92 988; x_wconf 64' lang='lat' dir='ltr'><em>v</em></span> <span class='ocrx_word' id='word_1_40' title='bbox 107 966 125 997; x_wconf 65' lang='lat' dir='ltr'><strong>a</strong></span> <span class='ocrx_word' id='word_1_41' title='bbox 162 937 308 1018; x_wconf 87' lang='lat' dir='ltr'><strong>positum</strong></span> <span class='ocrx_word' id='word_1_42' title='bbox 331 959 417 1002; x_wconf 91' lang='lat' dir='ltr'><strong>esse</strong></span> <span class='ocrx_word' id='word_1_43' title='bbox 439 939 631 1003; x_wconf 90' lang='lat' dir='ltr'><strong>videatur.</strong></span> <span class='ocrx_word' id='word_1_44' title='bbox 676 939 766 1002; x_wconf 91' lang='lat' dir='ltr'><strong>Nam</strong></span> <span class='ocrx_word' id='word_1_45' title='bbox 789 950 824 1003; x_wconf 93' lang='lat' dir='ltr'><strong>et</strong></span> <span class='ocrx_word' id='word_1_46' title='bbox 842 938 922 1003; x_wconf 90' lang='lat' dir='ltr'><strong>haec</strong></span> <span class='ocrx_word' id='word_1_47' title='bbox 945 939 1066 1002; x_wconf 90' lang='lat' dir='ltr'><strong>invitus</strong></span> <span class='ocrx_word' id='word_1_48' title='bbox 1088 936 1199 1052; x_wconf 90' lang='lat' dir='ltr'><strong>rettuli</strong></span> <span class='ocrx_word' id='word_1_49' title='bbox 1216 947 1250 1001; x_wconf 89' lang='lat' dir='ltr'><strong>et</strong></span> <span class='ocrx_word' id='word_1_50' title='bbox 1266 937 1361 1019; x_wconf 89' lang='lat' dir='ltr'><strong>plura</strong></span> 
     </span>
     <span class='ocr_line' id='line_1_8' title="bbox 162 1006 1532 1149; baseline -0.004 -33"><span class='ocrx_word' id='word_1_51' title='bbox 162 1049 268 1126; x_wconf 91' lang='lat' dir='ltr'><strong>omisi,</strong></span> <span class='ocrx_word' id='word_1_52' title='bbox 295 1071 381 1132; x_wconf 91' lang='lat' dir='ltr'><strong>quae</strong></span> <span class='ocrx_word' id='word_1_53' title='bbox 406 1060 518 1115; x_wconf 91' lang='lat' dir='ltr'><strong>tamen</strong></span> <span class='ocrx_word' id='word_1_54' title='bbox 547 1050 617 1115; x_wconf 92' lang='lat' dir='ltr'><strong>sola</strong></span> <span class='ocrx_word' id='word_1_55' title='bbox 644 1052 806 1115; x_wconf 90' lang='lat' dir='ltr'><strong>mirantur</strong></span> <span class='ocrx_word' id='word_1_56' title='bbox 835 1060 935 1134; x_wconf 89' lang='lat' dir='ltr'><strong>atque</strong></span> <span class='ocrx_word' id='word_1_57' title='bbox 964 1006 1194 1149; x_wconf 75' lang='grc' dir='ltr'>εκριίιιιιιιι9</span> <span class='ocrx_word' id='word_1_58' title='bbox 1185 1025 1207 1112; x_wconf 87' lang='lat' dir='ltr'><strong>ri</strong></span> <span class='ocrx_word' id='word_1_59' title='bbox 1238 1049 1294 1132; x_wconf 92' lang='lat' dir='ltr'><strong>qui</strong></span> <span class='ocrx_word' id='word_1_60' title='bbox 1324 1069 1361 1112; x_wconf 89' lang='lat' dir='ltr'><strong>se</strong></span> <span class='ocrx_word' id='word_1_61' title='bbox 1432 1057 1435 1065; x_wconf 80' lang='grc'>’</span> <span class='ocrx_word' id='word_1_62' title='bbox 1529 1065 1532 1072; x_wconf 85' lang='grc'><strong>’</strong></span> 
     </span>
    </p>
   </div>
   <div class='ocr_carea' id='block_1_6' title="bbox 161 1161 1388 1474">
    <p class='ocr_par' dir='ltr' id='par_1_6' title="bbox 161 1161 1388 1474">
     <span class='ocr_line' id='line_1_9' title="bbox 161 1161 1388 1244; baseline 0 -20"><span class='ocrx_word' id='word_1_63' title='bbox 161 1162 317 1244; x_wconf 91' lang='lat' dir='ltr'><strong>antiquos</strong></span> <span class='ocrx_word' id='word_1_64' title='bbox 332 1174 478 1228; x_wconf 91' lang='lat' dir='ltr'><strong>oratores</strong></span> <span class='ocrx_word' id='word_1_65' title='bbox 492 1173 621 1227; x_wconf 91' lang='lat' dir='ltr'><strong>vocant.</strong></span> <span class='ocrx_word' id='word_1_66' title='bbox 667 1163 844 1227; x_wconf 90' lang='lat' dir='ltr'><strong>Neminem</strong></span> <span class='ocrx_word' id='word_1_67' title='bbox 860 1163 1047 1240; x_wconf 86' lang='lat' dir='ltr'><strong>nominabo,</strong></span> <span class='ocrx_word' id='word_1_68' title='bbox 1064 1181 1168 1244; x_wconf 87' lang='lat' dir='ltr'><strong>genus</strong></span> <span class='ocrx_word' id='word_1_69' title='bbox 1186 1161 1359 1225; x_wconf 90' lang='lat' dir='ltr'><strong>hommum</strong></span> <span class='ocrx_word' id='word_1_70' title='bbox 1374 1173 1388 1224; x_wconf 87' lang='lat'><strong>5</strong></span> 
     </span>
     <span class='ocr_line' id='line_1_10' title="bbox 161 1257 1361 1371; baseline 0.002 -35"><span class='ocrx_word' id='word_1_71' title='bbox 161 1273 364 1356; x_wconf 85' lang='lat' dir='ltr'><strong>significasse</strong></span> <span class='ocrx_word' id='word_1_72' title='bbox 386 1285 580 1350; x_wconf 89' lang='lat' dir='ltr'><strong>contentus;</strong></span> <span class='ocrx_word' id='word_1_73' title='bbox 614 1275 673 1338; x_wconf 93' lang='lat' dir='ltr'><strong>sed</strong></span> <span class='ocrx_word' id='word_1_74' title='bbox 695 1275 792 1338; x_wconf 91' lang='lat' dir='ltr'><strong>vobis</strong></span> <span class='ocrx_word' id='word_1_75' title='bbox 809 1257 934 1371; x_wconf 62' lang='lat' dir='ltr'><strong>&#39;utique&#39;</strong></span> <span class='ocrx_word' id='word_1_76' title='bbox 955 1283 1127 1338; x_wconf 87' lang='lat' dir='ltr'><strong>versantur</strong></span> <span class='ocrx_word' id='word_1_77' title='bbox 1147 1284 1225 1338; x_wconf 92' lang='lat' dir='ltr'><strong>ante</strong></span> <span class='ocrx_word' id='word_1_78' title='bbox 1247 1273 1361 1338; x_wconf 90' lang='lat' dir='ltr'><strong>oculos</strong></span> 
     </span>
     <span class='ocr_line' id='line_1_11' title="bbox 162 1386 1361 1474; baseline 0 -24"><span class='ocrx_word' id='word_1_79' title='bbox 162 1387 217 1451; x_wconf 92' lang='lat' dir='ltr'><strong>isti</strong></span> <span class='ocrx_word' id='word_1_80' title='bbox 237 1387 293 1469; x_wconf 91' lang='lat' dir='ltr'><strong>qui</strong></span> <span class='ocrx_word' id='word_1_81' title='bbox 312 1386 476 1451; x_wconf 90' lang='lat' dir='ltr'><strong>Lucilium</strong></span> <span class='ocrx_word' id='word_1_82' title='bbox 492 1409 553 1471; x_wconf 94' lang='lat' dir='ltr'><strong>pro</strong></span> <span class='ocrx_word' id='word_1_83' title='bbox 573 1387 717 1452; x_wconf 89' lang='lat' dir='ltr'><strong>Horatio</strong></span> <span class='ocrx_word' id='word_1_84' title='bbox 733 1397 767 1452; x_wconf 91' lang='lat' dir='ltr'><strong>et</strong></span> <span class='ocrx_word' id='word_1_85' title='bbox 783 1388 973 1453; x_wconf 90' lang='lat' dir='ltr'><strong>Lucretium</strong></span> <span class='ocrx_word' id='word_1_86' title='bbox 995 1408 1057 1469; x_wconf 90' lang='lat' dir='ltr'><strong>pro</strong></span> <span class='ocrx_word' id='word_1_87' title='bbox 1072 1387 1220 1474; x_wconf 85' lang='lat' dir='ltr'><strong>Vergilio</strong></span> <span class='ocrx_word' id='word_1_88' title='bbox 1237 1387 1361 1470; x_wconf 89' lang='lat' dir='ltr'><strong>legunt,</strong></span> 
     </span>
    </p>
   </div>
   <div class='ocr_carea' id='block_1_7' title="bbox 197 1531 488 1595">
    <p class='ocr_par' dir='ltr' id='par_1_7' title="bbox 197 1531 488 1595">
     <span class='ocr_line' id='line_1_12' title="bbox 197 1531 488 1595; baseline 0.004 -16"><span class='ocrx_word' id='word_1_89' title='bbox 197 1545 235 1594; x_wconf 85' lang='lat'><strong>²5·</strong></span> <span class='ocrx_word' id='word_1_90' title='bbox 252 1532 371 1580; x_wconf 82' lang='lat' dir='ltr'><strong>terminet</strong></span> <span class='ocrx_word' id='word_1_91' title='bbox 381 1531 488 1595; x_wconf 82' lang='lat' dir='ltr'><strong>Lipsius.</strong></span> 
     </span>
    </p>
   </div>
   <div class='ocr_carea' id='block_1_8' title="bbox 196 1597 815 1658">
    <p class='ocr_par' dir='ltr' id='par_1_8' title="bbox 196 1597 815 1658">
     <span class='ocr_line' id='line_1_13' title="bbox 196 1597 815 1658; baseline 0.002 -13"><span class='ocrx_word' id='word_1_92' title='bbox 196 1601 239 1645; x_wconf 81' lang='lat'><strong>23.</strong></span> <span class='ocrx_word' id='word_1_93' title='bbox 259 1609 280 1646; x_wconf 90' lang='lat'><strong>1.</strong></span> <span class='ocrx_word' id='word_1_94' title='bbox 297 1598 430 1646; x_wconf 69' lang='lat' dir='ltr'><strong>verrinum</strong></span> <span class='ocrx_word' id='word_1_95' title='bbox 443 1597 608 1658; x_wconf 65' lang='lat' dir='ltr'><strong>EV2CADH,</strong></span> <span class='ocrx_word' id='word_1_96' title='bbox 621 1598 749 1646; x_wconf 63' lang='lat' dir='ltr'><strong>retribunt</strong></span> <span class='ocrx_word' id='word_1_97' title='bbox 761 1597 815 1646; x_wconf 85' lang='lat' dir='ltr'><strong>AB.</strong></span> 
     </span>
    </p>
   </div>
   <div class='ocr_carea' id='block_1_9' title="bbox 972 1595 1361 1658">
    <p class='ocr_par' dir='ltr' id='par_1_9' title="bbox 972 1595 1361 1658">
     <span class='ocr_line' id='line_1_14' title="bbox 972 1595 1361 1658; baseline -0.006 -12"><span class='ocrx_word' id='word_1_98' title='bbox 972 1610 994 1658; x_wconf 83' lang='lat'><strong>3.</strong></span> <span class='ocrx_word' id='word_1_99' title='bbox 1012 1597 1141 1646; x_wconf 81' lang='lat' dir='ltr'><strong>inviturB</strong></span> <span class='ocrx_word' id='word_1_100' title='bbox 1152 1613 1224 1655; x_wconf 76' lang='lat' dir='ltr'><strong>corr..</strong></span> <span class='ocrx_word' id='word_1_101' title='bbox 1236 1595 1361 1646; x_wconf 81' lang='lat' dir='ltr'><strong>inuitatus</strong></span> 
     </span>
    </p>
   </div>
   <div class='ocr_carea' id='block_1_10' title="bbox 162 1661 1361 1729">
    <p class='ocr_par' dir='ltr' id='par_1_10' title="bbox 162 1661 1361 1729">
     <span class='ocr_line' id='line_1_15' title="bbox 162 1661 1361 1729; baseline -0.002 -17"><span class='ocrx_word' id='word_1_102' title='bbox 162 1661 236 1712; x_wconf 89' lang='lat' dir='ltr'><strong>codd</strong></span> <span class='ocrx_word' id='word_1_103' title='bbox 316 1677 338 1724; x_wconf 91' lang='lat'><strong>5.</strong></span> <span class='ocrx_word' id='word_1_104' title='bbox 355 1670 444 1712; x_wconf 86' lang='lat' dir='ltr'><strong>vocant</strong></span> <span class='ocrx_word' id='word_1_105' title='bbox 454 1663 563 1728; x_wconf 82' lang='lat' dir='ltr'><strong>Lipsius</strong></span> <span class='ocrx_word' id='word_1_106' title='bbox 574 1665 685 1712; x_wconf 77' lang='lat' dir='ltr'><strong>voatant</strong></span> <span class='ocrx_word' id='word_1_107' title='bbox 696 1663 880 1724; x_wconf 84' lang='lat' dir='ltr'><strong>Schurzllersch</strong></span> <span class='ocrx_word' id='word_1_108' title='bbox 891 1663 1010 1712; x_wconf 83' lang='lat' dir='ltr'><strong>vocabant</strong></span> <span class='ocrx_word' id='word_1_109' title='bbox 1020 1664 1093 1713; x_wconf 90' lang='lat' dir='ltr'><strong>codd</strong></span> <span class='ocrx_word' id='word_1_110' title='bbox 1170 1675 1191 1729; x_wconf 81' lang='lat'><strong>7.</strong></span> <span class='ocrx_word' id='word_1_111' title='bbox 1210 1663 1256 1712; x_wconf 73' lang='lat' dir='ltr'><strong>rste</strong></span> <span class='ocrx_word' id='word_1_112' title='bbox 1265 1662 1361 1711; x_wconf 87' lang='lat' dir='ltr'>ABDE</span> 
     </span>
    </p>
   </div>
   <div class='ocr_carea' id='block_1_11' title="bbox 163 1727 788 1791">
    <p class='ocr_par' dir='ltr' id='par_1_11' title="bbox 163 1727 788 1791">
     <span class='ocr_line' id='line_1_16' title="bbox 163 1727 788 1791; baseline 0.003 -15"><span class='ocrx_word' id='word_1_113' title='bbox 163 1735 225 1791; x_wconf 74' lang='lat' dir='ltr'><strong>tom.</strong></span> <span class='ocrx_word' id='word_1_114' title='bbox 237 1727 287 1777; x_wconf 94' lang='lat' dir='ltr'><strong>CH</strong></span> <span class='ocrx_word' id='word_1_115' title='bbox 300 1729 349 1778; x_wconf 91' lang='lat' dir='ltr'><strong>and</strong></span> <span class='ocrx_word' id='word_1_116' title='bbox 360 1729 416 1778; x_wconf 89' lang='lat' dir='ltr'><strong>edd.</strong></span> <span class='ocrx_word' id='word_1_117' title='bbox 428 1737 502 1779; x_wconf 78' lang='lat' dir='ltr'><strong>vett:</strong></span> <span class='ocrx_word' id='word_1_118' title='bbox 521 1729 570 1778; x_wconf 90' lang='lat' dir='ltr'><strong>del.</strong></span> <span class='ocrx_word' id='word_1_119' title='bbox 582 1732 627 1787; x_wconf 73' lang='lat' dir='ltr'><strong>bl:</strong></span> <span class='ocrx_word' id='word_1_120' title='bbox 646 1729 690 1777; x_wconf 82' lang='lat' dir='ltr'><strong>illi</strong></span> <span class='ocrx_word' id='word_1_121' title='bbox 701 1729 788 1779; x_wconf 86' lang='lat' dir='ltr'><strong>Halm.</strong></span> 
     </span>
    </p>
   </div>
   <div class='ocr_carea' id='block_1_12' title="bbox 162 1851 740 4473">
    <p class='ocr_par' dir='ltr' id='par_1_12' title="bbox 162 1851 737 2506">
     <span class='ocr_line' id='line_1_17' title="bbox 197 1851 737 1929; baseline 0.004 -29"><span class='ocrx_word' id='word_1_122' title='bbox 197 1866 235 1915; x_wconf 85' lang='lat'><strong>²4·</strong></span> <span class='ocrx_word' id='word_1_123' title='bbox 253 1855 461 1912; x_wconf 75' lang='lat' dir='ltr'><strong>scurrilitatem,</strong></span> <span class='ocrx_word' id='word_1_124' title='bbox 471 1851 646 1929; x_wconf 83' lang='lat' dir='ltr'><strong>‘buffoonery’</strong></span> <span class='ocrx_word' id='word_1_125' title='bbox 663 1851 737 1902; x_wconf 89' lang='lat' dir='ltr'><strong>Simi-</strong></span> 
     </span>
     <span class='ocr_line' id='line_1_18' title="bbox 162 1917 736 1981; baseline 0 -15"><span class='ocrx_word' id='word_1_126' title='bbox 162 1918 200 1967; x_wconf 89' lang='lat' dir='ltr'><strong>lar</strong></span> <span class='ocrx_word' id='word_1_127' title='bbox 218 1919 330 1967; x_wconf 87' lang='lat' dir='ltr'><strong>cautious</strong></span> <span class='ocrx_word' id='word_1_128' title='bbox 346 1934 386 1968; x_wconf 90' lang='lat' dir='ltr'><strong>are</strong></span> <span class='ocrx_word' id='word_1_129' title='bbox 403 1918 477 1981; x_wconf 85' lang='lat' dir='ltr'><strong>given</strong></span> <span class='ocrx_word' id='word_1_130' title='bbox 492 1917 518 1966; x_wconf 89' lang='lat' dir='ltr'><strong>in</strong></span> <span class='ocrx_word' id='word_1_131' title='bbox 534 1919 588 1968; x_wconf 91' lang='lat' dir='ltr'><strong>Cic.</strong></span> <span class='ocrx_word' id='word_1_132' title='bbox 604 1919 636 1966; x_wconf 90' lang='lat' dir='ltr'><strong>de</strong></span> <span class='ocrx_word' id='word_1_133' title='bbox 653 1918 716 1968; x_wconf 90' lang='lat' dir='ltr'><strong>Or.&#39;</strong></span> <span class='ocrx_word' id='word_1_134' title='bbox 710 1920 736 1968; x_wconf 87' lang='lat' dir='ltr'><strong>ii.</strong></span> 
     </span>
     <span class='ocr_line' id='line_1_19' title="bbox 165 1983 736 2060; baseline 0.004 -29"><span class='ocrx_word' id='word_1_135' title='bbox 165 1989 178 2042; x_wconf 71' lang='grc' dir='ltr'><strong>ς</strong></span> <span class='ocrx_word' id='word_1_136' title='bbox 202 1995 248 2046; x_wconf 80' lang='lat'><strong>237</strong></span> <span class='ocrx_word' id='word_1_137' title='bbox 269 1999 322 2058; x_wconf 88' lang='lat' dir='ltr'><strong>sqq</strong></span> <span class='ocrx_word' id='word_1_138' title='bbox 342 1983 450 2060; x_wconf 83' lang='lat' dir='ltr'><strong>nequid</strong></span> <span class='ocrx_word' id='word_1_139' title='bbox 471 1984 607 2034; x_wconf 88' lang='lat' dir='ltr'><strong>insulse..</strong></span> <span class='ocrx_word' id='word_1_140' title='bbox 621 2000 675 2033; x_wconf 92' lang='lat' dir='ltr'><strong>.ne</strong></span> <span class='ocrx_word' id='word_1_141' title='bbox 693 1992 736 2033; x_wconf 88' lang='lat' dir='ltr'><strong>aut</strong></span> 
     </span>
     <span class='ocr_line' id='line_1_20' title="bbox 163 2049 735 2112; baseline -0.002 -14"><span class='ocrx_word' id='word_1_142' title='bbox 163 2049 297 2099; x_wconf 88' lang='lat' dir='ltr'><strong>scurrilis</strong></span> <span class='ocrx_word' id='word_1_143' title='bbox 291 2065 360 2098; x_wconf 88' lang='lat' dir='ltr'><strong>rocus</strong></span> <span class='ocrx_word' id='word_1_144' title='bbox 377 2051 409 2098; x_wconf 90' lang='lat' dir='ltr'><strong>sit</strong></span> <span class='ocrx_word' id='word_1_145' title='bbox 429 2058 472 2099; x_wconf 86' lang='lat' dir='ltr'><strong>aut</strong></span> <span class='ocrx_word' id='word_1_146' title='bbox 491 2050 606 2098; x_wconf 88' lang='lat' dir='ltr'><strong>mimicus</strong></span> <span class='ocrx_word' id='word_1_147' title='bbox 626 2051 652 2111; x_wconf 68' lang='lat'><strong>(5</strong></span> <span class='ocrx_word' id='word_1_148' title='bbox 667 2049 735 2112; x_wconf 80' lang='lat'><strong>239),</strong></span> 
     </span>
     <span class='ocr_line' id='line_1_21' title="bbox 163 2115 737 2179; baseline -0.002 -15"><span class='ocrx_word' id='word_1_149' title='bbox 163 2115 272 2164; x_wconf 89' lang='lat' dir='ltr'><strong>scurrilis</strong></span> <span class='ocrx_word' id='word_1_150' title='bbox 294 2117 388 2164; x_wconf 91' lang='lat' dir='ltr'><strong>oratori</strong></span> <span class='ocrx_word' id='word_1_151' title='bbox 408 2115 526 2164; x_wconf 81' lang='lat' dir='ltr'><strong>dicacitas</strong></span> <span class='ocrx_word' id='word_1_152' title='bbox 548 2130 640 2178; x_wconf 90' lang='lat' dir='ltr'><strong>magno</strong></span> <span class='ocrx_word' id='word_1_153' title='bbox 663 2131 737 2179; x_wconf 88' lang='lat' dir='ltr'><strong>opere</strong></span> 
     </span>
     <span class='ocr_line' id='line_1_22' title="bbox 164 2181 737 2245; baseline -0.002 -16"><span class='ocrx_word' id='word_1_154' title='bbox 164 2181 280 2244; x_wconf 82' lang='lat' dir='ltr'><strong>fugienda</strong></span> <span class='ocrx_word' id='word_1_155' title='bbox 292 2187 328 2229; x_wconf 90' lang='lat' dir='ltr'><strong>est</strong></span> <span class='ocrx_word' id='word_1_156' title='bbox 341 2182 367 2242; x_wconf 66' lang='grc' dir='ltr'><strong>(ξ</strong></span> <span class='ocrx_word' id='word_1_157' title='bbox 381 2183 449 2243; x_wconf 83' lang='lat'><strong>244),</strong></span> <span class='ocrx_word' id='word_1_158' title='bbox 459 2183 580 2244; x_wconf 91' lang='lat' dir='ltr'><strong>temporis</strong></span> <span class='ocrx_word' id='word_1_159' title='bbox 588 2182 664 2245; x_wconf 87' lang='lat' dir='ltr'><strong>igitur</strong></span> <span class='ocrx_word' id='word_1_160' title='bbox 673 2181 737 2229; x_wconf 90' lang='lat' dir='ltr'><strong>ratio</strong></span> 
     </span>
     <span class='ocr_line' id='line_1_23' title="bbox 162 2246 736 2321; baseline -0.004 -25"><span class='ocrx_word' id='word_1_161' title='bbox 162 2253 188 2296; x_wconf 88' lang='lat' dir='ltr'><strong>et</strong></span> <span class='ocrx_word' id='word_1_162' title='bbox 211 2246 288 2321; x_wconf 87' lang='lat' dir='ltr'><strong>ipsius</strong></span> <span class='ocrx_word' id='word_1_163' title='bbox 310 2246 447 2296; x_wconf 85' lang='lat' dir='ltr'><strong>dicacitatis</strong></span> <span class='ocrx_word' id='word_1_164' title='bbox 466 2247 606 2296; x_wconf 88' lang='lat' dir='ltr'><strong>moderatio</strong></span> <span class='ocrx_word' id='word_1_165' title='bbox 629 2254 654 2295; x_wconf 93' lang='lat' dir='ltr'><strong>et</strong></span> <span class='ocrx_word' id='word_1_166' title='bbox 676 2252 736 2295; x_wconf 89' lang='lat' dir='ltr'><strong>tem</strong></span> 
     </span>
     <span class='ocr_line' id='line_1_24' title="bbox 163 2310 736 2376; baseline 0 -16"><span class='ocrx_word' id='word_1_167' title='bbox 163 2310 275 2376; x_wconf 79' lang='lat' dir='ltr'><strong>perantia</strong></span> <span class='ocrx_word' id='word_1_168' title='bbox 300 2318 325 2360; x_wconf 92' lang='lat' dir='ltr'><strong>et</strong></span> <span class='ocrx_word' id='word_1_169' title='bbox 347 2311 436 2360; x_wconf 87' lang='lat' dir='ltr'><strong>raritas</strong></span> <span class='ocrx_word' id='word_1_170' title='bbox 457 2312 579 2362; x_wconf 91' lang='lat' dir='ltr'><strong>dictorum</strong></span> <span class='ocrx_word' id='word_1_171' title='bbox 602 2311 736 2376; x_wconf 90' lang='lat' dir='ltr'><strong>distinguet</strong></span> 
     </span>
     <span class='ocr_line' id='line_1_25' title="bbox 163 2377 735 2447; baseline 0 -21"><span class='ocrx_word' id='word_1_172' title='bbox 163 2385 286 2426; x_wconf 89' lang='lat' dir='ltr'><strong>oratorem</strong></span> <span class='ocrx_word' id='word_1_173' title='bbox 316 2393 330 2425; x_wconf 90' lang='lat' dir='ltr'><strong>a</strong></span> <span class='ocrx_word' id='word_1_174' title='bbox 358 2393 440 2426; x_wconf 89' lang='lat' dir='ltr'><strong>scurra</strong></span> <span class='ocrx_word' id='word_1_175' title='bbox 468 2379 494 2440; x_wconf 71' lang='grc' dir='ltr'><strong>(ς</strong></span> <span class='ocrx_word' id='word_1_176' title='bbox 513 2377 600 2447; x_wconf 79' lang='lat'>247):</span> <span class='ocrx_word' id='word_1_177' title='bbox 628 2392 669 2441; x_wconf 88' lang='lat' dir='ltr'><strong>cp.</strong></span> <span class='ocrx_word' id='word_1_178' title='bbox 692 2379 735 2427; x_wconf 88' lang='lat' dir='ltr'><strong>Or.</strong></span> 
     </span>
     <span class='ocr_line' id='line_1_26' title="bbox 165 2442 520 2506; baseline -0.003 -15"><span class='ocrx_word' id='word_1_179' title='bbox 165 2444 228 2501; x_wconf 72' lang='lat'><strong>488,</strong></span> <span class='ocrx_word' id='word_1_180' title='bbox 242 2442 431 2505; x_wconf 82' lang='lat' dir='ltr'><strong>andQuintvi.</strong></span> <span class='ocrx_word' id='word_1_181' title='bbox 445 2457 468 2504; x_wconf 84' lang='lat'><strong>3,</strong></span> <span class='ocrx_word' id='word_1_182' title='bbox 483 2457 520 2506; x_wconf 88' lang='lat'><strong>²9·</strong></span> 
     </span>
    </p>

    <p class='ocr_par' dir='ltr' id='par_1_13' title="bbox 163 2507 736 2821">
     <span class='ocr_line' id='line_1_27' title="bbox 165 2507 735 2572; baseline 0.004 -16.115"><span class='ocrx_word' id='word_1_183' title='bbox 165 2511 287 2557; x_wconf 86' lang='lat' dir='ltr'><strong>variet</strong></span> <span class='ocrx_word' id='word_1_184' title='bbox 304 2511 546 2565; x_wconf 84' lang='lat' dir='ltr'><strong>compositionem.</strong></span> <span class='ocrx_word' id='word_1_185' title='bbox 580 2507 634 2558; x_wconf 89' lang='lat' dir='ltr'><strong>The</strong></span> <span class='ocrx_word' id='word_1_186' title='bbox 647 2508 735 2572; x_wconf 83' lang='lat' dir='ltr'><strong>charge</strong></span> 
     </span>
     <span class='ocr_line' id='line_1_28' title="bbox 164 2573 735 2638; baseline 0.002 -17"><span class='ocrx_word' id='word_1_187' title='bbox 164 2575 262 2637; x_wconf 84' lang='lat' dir='ltr'><strong>against</strong></span> <span class='ocrx_word' id='word_1_188' title='bbox 274 2573 362 2623; x_wconf 88' lang='lat' dir='ltr'><strong>Cicero</strong></span> <span class='ocrx_word' id='word_1_189' title='bbox 373 2589 424 2622; x_wconf 86' lang='lat' dir='ltr'><strong>was</strong></span> <span class='ocrx_word' id='word_1_190' title='bbox 442 2575 496 2624; x_wconf 89' lang='lat' dir='ltr'><strong>that</strong></span> <span class='ocrx_word' id='word_1_191' title='bbox 513 2574 545 2623; x_wconf 91' lang='lat' dir='ltr'><strong>he</strong></span> <span class='ocrx_word' id='word_1_192' title='bbox 561 2573 691 2638; x_wconf 88' lang='lat' dir='ltr'><strong>neglected</strong></span> <span class='ocrx_word' id='word_1_193' title='bbox 708 2582 735 2622; x_wconf 92' lang='lat' dir='ltr'><strong>to</strong></span> 
     </span>
     <span class='ocr_line' id='line_1_29' title="bbox 164 2638 735 2704; baseline 0.004 -17"><span class='ocrx_word' id='word_1_194' title='bbox 164 2640 198 2687; x_wconf 92' lang='lat' dir='ltr'><strong>do</strong></span> <span class='ocrx_word' id='word_1_195' title='bbox 218 2639 282 2688; x_wconf 86' lang='lat' dir='ltr'><strong>this:</strong></span> <span class='ocrx_word' id='word_1_196' title='bbox 305 2638 361 2688; x_wconf 91' lang='lat' dir='ltr'><strong>Seu.</strong></span> <span class='ocrx_word' id='word_1_197' title='bbox 381 2639 429 2703; x_wconf 92' lang='lat' dir='ltr'><strong>Ep.</strong></span> <span class='ocrx_word' id='word_1_198' title='bbox 448 2653 502 2700; x_wconf 89' lang='lat'><strong>100,</strong></span> <span class='ocrx_word' id='word_1_199' title='bbox 521 2643 562 2702; x_wconf 73' lang='lat'><strong>§7</strong></span> <span class='ocrx_word' id='word_1_200' title='bbox 579 2640 646 2704; x_wconf 86' lang='lat' dir='ltr'><strong>Lege</strong></span> <span class='ocrx_word' id='word_1_201' title='bbox 664 2640 735 2689; x_wconf 91' lang='lat' dir='ltr'><strong>Cice·</strong></span> 
     </span>
     <span class='ocr_line' id='line_1_30' title="bbox 163 2705 736 2770; baseline 0.003 -18"><span class='ocrx_word' id='word_1_202' title='bbox 163 2721 265 2754; x_wconf 87' lang='lat' dir='ltr'><strong>runem:</strong></span> <span class='ocrx_word' id='word_1_203' title='bbox 285 2705 434 2768; x_wconf 87' lang='lat' dir='ltr'><strong>compositio</strong></span> <span class='ocrx_word' id='word_1_204' title='bbox 451 2706 502 2754; x_wconf 89' lang='lat' dir='ltr'><strong>eius</strong></span> <span class='ocrx_word' id='word_1_205' title='bbox 519 2721 567 2754; x_wconf 91' lang='lat' dir='ltr'><strong>uua</strong></span> <span class='ocrx_word' id='word_1_206' title='bbox 583 2713 630 2766; x_wconf 90' lang='lat' dir='ltr'><strong>est,</strong></span> <span class='ocrx_word' id='word_1_207' title='bbox 646 2705 736 2770; x_wconf 90' lang='lat' dir='ltr'><strong>pedem</strong></span> 
     </span>
     <span class='ocr_line' id='line_1_31' title="bbox 164 2770 639 2821; baseline 0 -1"><span class='ocrx_word' id='word_1_208' title='bbox 164 2776 245 2820; x_wconf 85' lang='lat' dir='ltr'><strong>servat</strong></span> <span class='ocrx_word' id='word_1_209' title='bbox 255 2770 322 2818; x_wconf 89' lang='lat' dir='ltr'><strong>lenta</strong></span> <span class='ocrx_word' id='word_1_210' title='bbox 335 2778 358 2818; x_wconf 91' lang='lat' dir='ltr'><strong>et</strong></span> <span class='ocrx_word' id='word_1_211' title='bbox 370 2771 422 2819; x_wconf 91' lang='lat' dir='ltr'><strong>sine</strong></span> <span class='ocrx_word' id='word_1_212' title='bbox 432 2771 536 2819; x_wconf 86' lang='lat' dir='ltr'><strong>infamia</strong></span> <span class='ocrx_word' id='word_1_213' title='bbox 547 2771 639 2821; x_wconf 90' lang='lat' dir='ltr'><strong>mollis.</strong></span> 
     </span>
    </p>

    <p class='ocr_par' dir='ltr' id='par_1_14' title="bbox 163 2836 740 3883">
     <span class='ocr_line' id='line_1_32' title="bbox 198 2836 733 2910; baseline 0.008 -28"><span class='ocrx_word' id='word_1_214' title='bbox 198 2849 237 2910; x_wconf 83' lang='lat'><strong>25.</strong></span> <span class='ocrx_word' id='word_1_215' title='bbox 255 2839 442 2886; x_wconf 83' lang='lat' dir='ltr'><strong>clausulas..</strong></span> <span class='ocrx_word' id='word_1_216' title='bbox 456 2840 662 2897; x_wconf 83' lang='lat' dir='ltr'><strong>determinet,</strong></span> <span class='ocrx_word' id='word_1_217' title='bbox 684 2836 733 2886; x_wconf 92' lang='lat' dir='ltr'><strong>i.e.</strong></span> 
     </span>
     <span class='ocr_line' id='line_1_33' title="bbox 163 2874 736 2986; baseline 0 -36"><span class='ocrx_word' id='word_1_218' title='bbox 163 2901 218 2951; x_wconf 91' lang='lat' dir='ltr'><strong>he</strong></span> <span class='ocrx_word' id='word_1_219' title='bbox 211 2917 233 2950; x_wconf 86' lang='lat' dir='ltr'><strong>rs</strong></span> <span class='ocrx_word' id='word_1_220' title='bbox 249 2908 276 2950; x_wconf 90' lang='lat' dir='ltr'><strong>to</strong></span> <span class='ocrx_word' id='word_1_221' title='bbox 293 2901 368 2950; x_wconf 89' lang='lat' dir='ltr'><strong>avoid</strong></span> <span class='ocrx_word' id='word_1_222' title='bbox 384 2917 400 2949; x_wconf 84' lang='lat' dir='ltr'><strong>a</strong></span> <span class='ocrx_word' id='word_1_223' title='bbox 416 2903 611 2986; x_wconf 91' lang='lat' dir='ltr'><strong>monotonously</strong></span> <span class='ocrx_word' id='word_1_224' title='bbox 627 2874 736 2950; x_wconf 79' lang='lat' dir='ltr'><strong>uriiiorm</strong></span> 
     </span>
     <span class='ocr_line' id='line_1_34' title="bbox 164 2965 736 3042; baseline 0.004 -28.054"><span class='ocrx_word' id='word_1_225' title='bbox 164 2966 328 3042; x_wconf 84' lang='lat' dir='ltr'><strong>‘rhythmical</strong></span> <span class='ocrx_word' id='word_1_226' title='bbox 339 2965 445 3030; x_wconf 65' lang='lat' dir='ltr'><strong>ending)</strong></span> <span class='ocrx_word' id='word_1_227' title='bbox 469 2967 515 3016; x_wconf 92' lang='lat' dir='ltr'><strong>See</strong></span> <span class='ocrx_word' id='word_1_228' title='bbox 527 2983 560 3016; x_wconf 92' lang='lat' dir='ltr'><strong>on</strong></span> <span class='ocrx_word' id='word_1_229' title='bbox 571 2968 620 3016; x_wconf 89' lang='lat' dir='ltr'><strong>this</strong></span> <span class='ocrx_word' id='word_1_230' title='bbox 631 2983 736 3032; x_wconf 84' lang='lat' dir='ltr'><strong>passage</strong></span> 
     </span>
     <span class='ocr_line' id='line_1_35' title="bbox 165 3031 735 3097; baseline 0.004 -18"><span class='ocrx_word' id='word_1_231' title='bbox 165 3032 195 3080; x_wconf 89' lang='lat' dir='ltr'><strong>de</strong></span> <span class='ocrx_word' id='word_1_232' title='bbox 207 3031 270 3081; x_wconf 86' lang='lat' dir='ltr'><strong>Or.&#39;</strong></span> <span class='ocrx_word' id='word_1_233' title='bbox 264 3032 299 3080; x_wconf 86' lang='lat' dir='ltr'><strong>rii.</strong></span> <span class='ocrx_word' id='word_1_234' title='bbox 314 3035 326 3089; x_wconf 66' lang='grc' dir='ltr'><strong>ξ</strong></span> <span class='ocrx_word' id='word_1_235' title='bbox 342 3046 386 3095; x_wconf 83' lang='lat'><strong>192</strong></span> <span class='ocrx_word' id='word_1_236' title='bbox 399 3048 436 3096; x_wconf 87' lang='lat' dir='ltr'><strong>sq.</strong></span> <span class='ocrx_word' id='word_1_237' title='bbox 443 3033 525 3082; x_wconf 89' lang='lat' dir='ltr'><strong>where</strong></span> <span class='ocrx_word' id='word_1_238' title='bbox 536 3033 634 3090; x_wconf 92' lang='lat' dir='ltr'><strong>Cicero,</strong></span> <span class='ocrx_word' id='word_1_239' title='bbox 647 3035 735 3097; x_wconf 89' lang='lat' dir='ltr'><strong>speak-</strong></span> 
     </span>
     <span class='ocr_line' id='line_1_36' title="bbox 163 3097 736 3163; baseline 0.003 -19"><span class='ocrx_word' id='word_1_240' title='bbox 163 3097 260 3160; x_wconf 80' lang='lat' dir='ltr'><strong>rugos</strong></span> <span class='ocrx_word' id='word_1_241' title='bbox 269 3097 408 3146; x_wconf 89' lang='lat' dir='ltr'><strong>clausulae&#39;</strong></span> <span class='ocrx_word' id='word_1_242' title='bbox 420 3113 476 3162; x_wconf 87' lang='lat' dir='ltr'><strong>says</strong></span> <span class='ocrx_word' id='word_1_243' title='bbox 489 3099 651 3148; x_wconf 83' lang='lat' dir='ltr'><strong>moratione</strong></span> <span class='ocrx_word' id='word_1_244' title='bbox 662 3115 736 3163; x_wconf 84' lang='lat' dir='ltr'><strong>pauci</strong></span> 
     </span>
     <span class='ocr_line' id='line_1_37' title="bbox 164 3164 736 3240; baseline 0.003 -29"><span class='ocrx_word' id='word_1_245' title='bbox 164 3163 388 3238; x_wconf 83' lang='lat' dir='ltr'><strong>primumcemunt,</strong></span> <span class='ocrx_word' id='word_1_246' title='bbox 396 3172 523 3227; x_wconf 87' lang='lat' dir='ltr'><strong>postrema</strong></span> <span class='ocrx_word' id='word_1_247' title='bbox 534 3164 661 3229; x_wconf 89' lang='lat' dir='ltr'><strong>plerique·</strong></span> <span class='ocrx_word' id='word_1_248' title='bbox 672 3180 736 3240; x_wconf 75' lang='lat' dir='ltr'><strong>quae</strong></span> 
     </span>
     <span class='ocr_line' id='line_1_38' title="bbox 164 3228 736 3305; baseline 0.004 -29"><span class='ocrx_word' id='word_1_249' title='bbox 164 3229 282 3292; x_wconf 88' lang='lat' dir='ltr'><strong>quoniam</strong></span> <span class='ocrx_word' id='word_1_250' title='bbox 297 3236 420 3292; x_wconf 88' lang='lat' dir='ltr'><strong>apparent</strong></span> <span class='ocrx_word' id='word_1_251' title='bbox 434 3235 459 3278; x_wconf 94' lang='lat' dir='ltr'><strong>et</strong></span> <span class='ocrx_word' id='word_1_252' title='bbox 463 3228 660 3305; x_wconf 68' lang='lat' dir='ltr'><strong>intelleguntur,</strong></span> <span class='ocrx_word' id='word_1_253' title='bbox 671 3229 736 3278; x_wconf 90' lang='lat' dir='ltr'><strong>vari-</strong></span> 
     </span>
     <span class='ocr_line' id='line_1_39' title="bbox 164 3294 735 3354; baseline 0.004 -12"><span class='ocrx_word' id='word_1_254' title='bbox 164 3294 229 3342; x_wconf 87' lang='lat' dir='ltr'><strong>anda</strong></span> <span class='ocrx_word' id='word_1_255' title='bbox 244 3301 307 3354; x_wconf 92' lang='lat' dir='ltr'><strong>sunt,</strong></span> <span class='ocrx_word' id='word_1_256' title='bbox 320 3309 352 3342; x_wconf 92' lang='lat' dir='ltr'><strong>ne</strong></span> <span class='ocrx_word' id='word_1_257' title='bbox 368 3301 411 3343; x_wconf 88' lang='lat' dir='ltr'><strong>aut</strong></span> <span class='ocrx_word' id='word_1_258' title='bbox 430 3294 567 3344; x_wconf 90' lang='lat' dir='ltr'><strong>animorum</strong></span> <span class='ocrx_word' id='word_1_259' title='bbox 587 3295 685 3344; x_wconf 88' lang='lat' dir='ltr'><strong>iudiciis</strong></span> <span class='ocrx_word' id='word_1_260' title='bbox 699 3311 735 3344; x_wconf 92' lang='lat' dir='ltr'><strong>re·</strong></span> 
     </span>
     <span class='ocr_line' id='line_1_40' title="bbox 164 3358 734 3424; baseline 0.002 -18"><span class='ocrx_word' id='word_1_261' title='bbox 164 3359 297 3423; x_wconf 89' lang='lat' dir='ltr'><strong>pudientur</strong></span> <span class='ocrx_word' id='word_1_262' title='bbox 322 3366 366 3408; x_wconf 88' lang='lat' dir='ltr'><strong>aut</strong></span> <span class='ocrx_word' id='word_1_263' title='bbox 392 3360 487 3408; x_wconf 89' lang='lat' dir='ltr'><strong>aurium</strong></span> <span class='ocrx_word' id='word_1_264' title='bbox 517 3358 645 3410; x_wconf 68' lang='lat' dir='ltr'><strong>satietate?</strong></span> <span class='ocrx_word' id='word_1_265' title='bbox 687 3361 734 3424; x_wconf 92' lang='lat' dir='ltr'><strong>Cp.</strong></span> 
     </span>
     <span class='ocr_line' id='line_1_41' title="bbox 165 3423 740 3489; baseline 0.002 -16"><span class='ocrx_word' id='word_1_266' title='bbox 165 3424 239 3486; x_wconf 66' lang='lat' dir='ltr'><strong>tboth</strong></span> <span class='ocrx_word' id='word_1_267' title='bbox 257 3424 295 3472; x_wconf 84' lang='lat' dir='ltr'><strong>lor</strong></span> <span class='ocrx_word' id='word_1_268' title='bbox 313 3423 466 3475; x_wconf 85' lang='lat' dir='ltr'><strong>‘clausulae&#39;</strong></span> <span class='ocrx_word' id='word_1_269' title='bbox 485 3427 534 3474; x_wconf 91' lang='lat' dir='ltr'><strong>and</strong></span> <span class='ocrx_word' id='word_1_270' title='bbox 551 3426 591 3475; x_wconf 84' lang='lat' dir='ltr'><strong>for</strong></span> <span class='ocrx_word' id='word_1_271' title='bbox 606 3425 700 3489; x_wconf 86' lang='lat' dir='ltr'><strong>variety</strong></span> <span class='ocrx_word' id='word_1_272' title='bbox 711 3425 740 3474; x_wconf 84' lang='lat' dir='ltr'><strong>of</strong></span> 
     </span>
     <span class='ocr_line' id='line_1_42' title="bbox 163 3490 736 3553; baseline 0.003 -15"><span class='ocrx_word' id='word_1_273' title='bbox 163 3490 264 3553; x_wconf 91' lang='lat' dir='ltr'><strong>rhythm</strong></span> <span class='ocrx_word' id='word_1_274' title='bbox 282 3491 419 3553; x_wconf 87' lang='lat' dir='ltr'><strong>generally)</strong></span> <span class='ocrx_word' id='word_1_275' title='bbox 437 3491 480 3540; x_wconf 89' lang='lat' dir='ltr'><strong>Or.</strong></span> <span class='ocrx_word' id='word_1_276' title='bbox 500 3495 528 3550; x_wconf 72' lang='lat'><strong>§5</strong></span> <span class='ocrx_word' id='word_1_277' title='bbox 547 3505 668 3541; x_wconf 80' lang='lat' dir='ltr'><strong>ara-220.</strong></span> <span class='ocrx_word' id='word_1_278' title='bbox 701 3492 736 3540; x_wconf 94' lang='lat' dir='ltr'><strong>So</strong></span> 
     </span>
     <span class='ocr_line' id='line_1_43' title="bbox 164 3555 735 3620; baseline 0.002 -17"><span class='ocrx_word' id='word_1_279' title='bbox 164 3556 237 3619; x_wconf 89' lang='lat' dir='ltr'><strong>again</strong></span> <span class='ocrx_word' id='word_1_280' title='bbox 255 3556 284 3603; x_wconf 85' lang='lat' dir='ltr'><strong>ol</strong></span> <span class='ocrx_word' id='word_1_281' title='bbox 301 3557 396 3614; x_wconf 90' lang='lat' dir='ltr'><strong>Cicero,</strong></span> <span class='ocrx_word' id='word_1_282' title='bbox 415 3556 509 3606; x_wconf 88' lang='lat' dir='ltr'><strong>Seneca</strong></span> <span class='ocrx_word' id='word_1_283' title='bbox 529 3558 576 3620; x_wconf 89' lang='lat' dir='ltr'><strong>Ep.</strong></span> <span class='ocrx_word' id='word_1_284' title='bbox 598 3559 682 3619; x_wconf 79' lang='lat'><strong>114,§</strong></span> <span class='ocrx_word' id='word_1_285' title='bbox 706 3555 735 3604; x_wconf 90' lang='lat'><strong>16</strong></span> 
     </span>
     <span class='ocr_line' id='line_1_44' title="bbox 163 3621 736 3686; baseline 0.004 -18"><span class='ocrx_word' id='word_1_286' title='bbox 163 3621 224 3685; x_wconf 87' lang='lat' dir='ltr'><strong>quid</strong></span> <span class='ocrx_word' id='word_1_287' title='bbox 241 3621 284 3668; x_wconf 88' lang='lat' dir='ltr'><strong>illa</strong></span> <span class='ocrx_word' id='word_1_288' title='bbox 302 3622 327 3669; x_wconf 92' lang='lat' dir='ltr'><strong>in</strong></span> <span class='ocrx_word' id='word_1_289' title='bbox 344 3623 411 3670; x_wconf 85' lang='lat' dir='ltr'><strong>exitu</strong></span> <span class='ocrx_word' id='word_1_290' title='bbox 427 3622 493 3670; x_wconf 91' lang='lat' dir='ltr'><strong>lenta</strong></span> <span class='ocrx_word' id='word_1_291' title='bbox 507 3627 552 3681; x_wconf 90' lang='lat' dir='ltr'><strong>(sc.</strong></span> <span class='ocrx_word' id='word_1_292' title='bbox 564 3623 736 3686; x_wconf 83' lang='lat' dir='ltr'><strong>compositio),</strong></span> 
     </span>
     <span class='ocr_line' id='line_1_45' title="bbox 164 3686 737 3751; baseline 0.002 -17"><span class='ocrx_word' id='word_1_293' title='bbox 164 3687 245 3751; x_wconf 92' lang='lat' dir='ltr'><strong>qualis</strong></span> <span class='ocrx_word' id='word_1_294' title='bbox 262 3686 389 3736; x_wconf 90' lang='lat' dir='ltr'><strong>Ciceronis</strong></span> <span class='ocrx_word' id='word_1_295' title='bbox 405 3695 451 3746; x_wconf 90' lang='lat' dir='ltr'><strong>est,</strong></span> <span class='ocrx_word' id='word_1_296' title='bbox 470 3688 563 3736; x_wconf 88' lang='lat' dir='ltr'><strong>devexa</strong></span> <span class='ocrx_word' id='word_1_297' title='bbox 583 3695 607 3736; x_wconf 89' lang='lat' dir='ltr'><strong>et</strong></span> <span class='ocrx_word' id='word_1_298' title='bbox 627 3687 737 3737; x_wconf 89' lang='lat' dir='ltr'><strong>molliter</strong></span> 
     </span>
     <span class='ocr_line' id='line_1_46' title="bbox 164 3752 736 3816; baseline 0.002 -16"><span class='ocrx_word' id='word_1_299' title='bbox 164 3753 275 3802; x_wconf 89' lang='lat' dir='ltr'><strong>detinens</strong></span> <span class='ocrx_word' id='word_1_300' title='bbox 285 3767 330 3800; x_wconf 91' lang='lat' dir='ltr'><strong>uec</strong></span> <span class='ocrx_word' id='word_1_301' title='bbox 344 3752 416 3802; x_wconf 91' lang='lat' dir='ltr'><strong>aliter</strong></span> <span class='ocrx_word' id='word_1_302' title='bbox 427 3768 501 3816; x_wconf 87' lang='lat' dir='ltr'><strong>quam</strong></span> <span class='ocrx_word' id='word_1_303' title='bbox 514 3754 586 3810; x_wconf 88' lang='lat' dir='ltr'><strong>solet,</strong></span> <span class='ocrx_word' id='word_1_304' title='bbox 597 3753 629 3802; x_wconf 92' lang='lat' dir='ltr'><strong>ad</strong></span> <span class='ocrx_word' id='word_1_305' title='bbox 642 3769 736 3801; x_wconf 90' lang='lat' dir='ltr'><strong>morem</strong></span> 
     </span>
     <span class='ocr_line' id='line_1_47' title="bbox 164 3818 736 3883; baseline 0 -17"><span class='ocrx_word' id='word_1_306' title='bbox 164 3833 236 3866; x_wconf 90' lang='lat' dir='ltr'><strong>suum</strong></span> <span class='ocrx_word' id='word_1_307' title='bbox 258 3818 396 3883; x_wconf 89' lang='lat' dir='ltr'><strong>pedemque</strong></span> <span class='ocrx_word' id='word_1_308' title='bbox 420 3819 586 3882; x_wconf 69' lang='lat' dir='ltr'><strong>respondeus?</strong></span> <span class='ocrx_word' id='word_1_309' title='bbox 621 3819 671 3867; x_wconf 86' lang='lat' dir='ltr'><strong>For</strong></span> <span class='ocrx_word' id='word_1_310' title='bbox 694 3834 736 3866; x_wconf 76' lang='lat' dir='ltr'><strong>nec</strong></span> 
     </span>
    </p>

    <p class='ocr_par' dir='ltr' id='par_1_15' title="bbox 165 3883 735 3999">
     <span class='ocr_line' id='line_1_48' title="bbox 185 3883 735 3950; baseline 0.004 -20.176"><span class='ocrx_word' id='word_1_311' title='bbox 185 3883 389 3950; x_wconf 78' lang='lat' dir='ltr'><strong>..determinet</strong></span> <span class='ocrx_word' id='word_1_312' title='bbox 396 3899 435 3932; x_wconf 90' lang='lat' dir='ltr'><strong>see</strong></span> <span class='ocrx_word' id='word_1_313' title='bbox 451 3899 483 3932; x_wconf 91' lang='lat' dir='ltr'><strong>on</strong></span> <span class='ocrx_word' id='word_1_314' title='bbox 501 3899 580 3934; x_wconf 81' lang='lat' dir='ltr'><strong>nec..</strong></span> <span class='ocrx_word' id='word_1_315' title='bbox 593 3883 735 3949; x_wconf 78' lang='lat' dir='ltr'><strong>.experiar,</strong></span> 
     </span>
     <span class='ocr_line' id='line_1_49' title="bbox 165 3948 294 3999; baseline -0.017 -1"><span class='ocrx_word' id='word_1_316' title='bbox 165 3953 196 3999; x_wconf 77' lang='lat'><strong>18</strong></span> <span class='ocrx_word' id='word_1_317' title='bbox 208 3949 241 3997; x_wconf 87' lang='lat' dir='ltr'><strong>ad</strong></span> <span class='ocrx_word' id='word_1_318' title='bbox 252 3948 294 3996; x_wconf 88' lang='lat' dir='ltr'><strong>fin.</strong></span> 
     </span>
    </p>

    <p class='ocr_par' dir='ltr' id='par_1_16' title="bbox 163 4015 736 4393">
     <span class='ocr_line' id='line_1_50' title="bbox 197 4015 735 4064; baseline 0.004 -2"><span class='ocrx_word' id='word_1_319' title='bbox 197 4018 385 4063; x_wconf 80' lang='lat' dir='ltr'><strong>23.1.rotam</strong></span> <span class='ocrx_word' id='word_1_320' title='bbox 407 4017 561 4064; x_wconf 76' lang='lat' dir='ltr'><strong>Fortunae.</strong></span> <span class='ocrx_word' id='word_1_321' title='bbox 597 4015 652 4064; x_wconf 93' lang='lat' dir='ltr'><strong>The</strong></span> <span class='ocrx_word' id='word_1_322' title='bbox 674 4015 735 4064; x_wconf 90' lang='lat' dir='ltr'><strong>rese·</strong></span> 
     </span>
     <span class='ocr_line' id='line_1_51' title="bbox 163 4080 736 4145; baseline -0.002 -17"><span class='ocrx_word' id='word_1_323' title='bbox 163 4079 575 4145; x_wconf 80' lang='lat' dir='ltr'><strong>renceistomP1s§221nquo</strong></span> <span class='ocrx_word' id='word_1_324' title='bbox 592 4080 736 4130; x_wconf 82' lang='lat' dir='ltr'><strong>camillum</strong></span> 
     </span>
     <span class='ocr_line' id='line_1_52' title="bbox 163 4144 736 4202; baseline -0.002 -7"><span class='ocrx_word' id='word_1_325' title='bbox 163 4144 320 4195; x_wconf 88' lang='lat' dir='ltr'><strong>saltatorium</strong></span> <span class='ocrx_word' id='word_1_326' title='bbox 353 4152 459 4195; x_wconf 89' lang='lat' dir='ltr'><strong>versaret</strong></span> <span class='ocrx_word' id='word_1_327' title='bbox 496 4147 588 4202; x_wconf 90' lang='lat' dir='ltr'><strong>orbem,</strong></span> <span class='ocrx_word' id='word_1_328' title='bbox 619 4162 650 4194; x_wconf 89' lang='lat' dir='ltr'><strong>ne</strong></span> <span class='ocrx_word' id='word_1_329' title='bbox 683 4153 736 4194; x_wconf 88' lang='lat' dir='ltr'><strong>tum</strong></span> 
     </span>
     <span class='ocr_line' id='line_1_53' title="bbox 164 4211 735 4287; baseline 0.004 -29"><span class='ocrx_word' id='word_1_330' title='bbox 164 4211 265 4271; x_wconf 86' lang='lat' dir='ltr'><strong>quidem</strong></span> <span class='ocrx_word' id='word_1_331' title='bbox 292 4211 416 4260; x_wconf 88' lang='lat' dir='ltr'><strong>Fortunae</strong></span> <span class='ocrx_word' id='word_1_332' title='bbox 436 4218 517 4260; x_wconf 85' lang='lat' dir='ltr'><strong>rotam</strong></span> <span class='ocrx_word' id='word_1_333' title='bbox 539 4211 735 4287; x_wconf 88' lang='lat' dir='ltr'><strong>pertimescebat.</strong></span> 
     </span>
     <span class='ocr_line' id='line_1_54' title="bbox 165 4276 736 4341; baseline -0.002 -15"><span class='ocrx_word' id='word_1_334' title='bbox 165 4278 212 4341; x_wconf 89' lang='lat' dir='ltr'><strong>Cp.</strong></span> <span class='ocrx_word' id='word_1_335' title='bbox 225 4276 339 4326; x_wconf 92' lang='lat' dir='ltr'><strong>Tibull.</strong></span> <span class='ocrx_word' id='word_1_336' title='bbox 332 4293 348 4325; x_wconf 91' lang='lat'><strong>1.</strong></span> <span class='ocrx_word' id='word_1_337' title='bbox 366 4290 390 4340; x_wconf 93' lang='lat'><strong>5,</strong></span> <span class='ocrx_word' id='word_1_338' title='bbox 407 4286 439 4341; x_wconf 81' lang='lat'><strong>70</strong></span> <span class='ocrx_word' id='word_1_339' title='bbox 455 4284 565 4326; x_wconf 87' lang='lat' dir='ltr'><strong>versatur</strong></span> <span class='ocrx_word' id='word_1_340' title='bbox 583 4276 656 4328; x_wconf 87' lang='lat' dir='ltr'><strong>celeri</strong></span> <span class='ocrx_word' id='word_1_341' title='bbox 674 4277 736 4325; x_wconf 87' lang='lat' dir='ltr'><strong>Fors</strong></span> 
     </span>
     <span class='ocr_line' id='line_1_55' title="bbox 164 4341 385 4394; baseline 0.005 -4"><span class='ocrx_word' id='word_1_342' title='bbox 164 4341 226 4393; x_wconf 88' lang='lat' dir='ltr'><strong>levis</strong></span> <span class='ocrx_word' id='word_1_343' title='bbox 237 4343 297 4391; x_wconf 88' lang='lat' dir='ltr'><strong>orbe</strong></span> <span class='ocrx_word' id='word_1_344' title='bbox 308 4350 385 4394; x_wconf 90' lang='lat' dir='ltr'><strong>rotae.</strong></span> 
     </span>
    </p>

    <p class='ocr_par' dir='ltr' id='par_1_17' title="bbox 196 4405 736 4473">
     <span class='ocr_line' id='line_1_56' title="bbox 196 4405 736 4473; baseline -0.002 -17"><span class='ocrx_word' id='word_1_345' title='bbox 196 4410 243 4456; x_wconf 85' lang='lat' dir='ltr'><strong>ius</strong></span> <span class='ocrx_word' id='word_1_346' title='bbox 261 4410 416 4472; x_wconf 87' lang='lat' dir='ltr'><strong>verrinum,</strong></span> <span class='ocrx_word' id='word_1_347' title='bbox 436 4410 525 4458; x_wconf 87' lang='lat' dir='ltr'><strong>‘sauce</strong></span> <span class='ocrx_word' id='word_1_348' title='bbox 546 4408 586 4457; x_wconf 86' lang='lat' dir='ltr'><strong>for</strong></span> <span class='ocrx_word' id='word_1_349' title='bbox 607 4405 685 4473; x_wconf 91' lang='lat' dir='ltr'><strong>pork&#39;</strong></span> <span class='ocrx_word' id='word_1_350' title='bbox 706 4422 736 4456; x_wconf 90' lang='lat' dir='ltr'><strong>or</strong></span> 
     </span>
    </p>
   </div>
   <div class='ocr_carea' id='block_1_13' title="bbox 784 1851 1364 4468">
    <p class='ocr_par' dir='ltr' id='par_1_18' title="bbox 786 1851 1364 2376">
     <span class='ocr_line' id='line_1_57' title="bbox 789 1851 1360 1918; baseline 0.004 -18.054"><span class='ocrx_word' id='word_1_351' title='bbox 789 1853 906 1903; x_wconf 89' lang='lat' dir='ltr'><strong>‘Verrine</strong></span> <span class='ocrx_word' id='word_1_352' title='bbox 924 1851 990 1902; x_wconf 67' lang='lat' dir='ltr'><strong>law?</strong></span> <span class='ocrx_word' id='word_1_353' title='bbox 1025 1853 1080 1902; x_wconf 89' lang='lat' dir='ltr'><strong>The</strong></span> <span class='ocrx_word' id='word_1_354' title='bbox 1099 1870 1203 1918; x_wconf 88' lang='lat' dir='ltr'><strong>passage</strong></span> <span class='ocrx_word' id='word_1_355' title='bbox 1224 1867 1310 1904; x_wconf 85' lang='lat' dir='ltr'><strong>occurs</strong></span> <span class='ocrx_word' id='word_1_356' title='bbox 1334 1853 1360 1902; x_wconf 92' lang='lat' dir='ltr'><strong>in</strong></span> 
     </span>
     <span class='ocr_line' id='line_1_58' title="bbox 787 1918 1361 1977; baseline 0.003 -11"><span class='ocrx_word' id='word_1_357' title='bbox 787 1918 876 1968; x_wconf 81' lang='lat' dir='ltr'><strong>Vern&#39;</strong></span> <span class='ocrx_word' id='word_1_358' title='bbox 869 1933 886 1967; x_wconf 92' lang='lat'><strong>1.</strong></span> <span class='ocrx_word' id='word_1_359' title='bbox 904 1933 924 1975; x_wconf 90' lang='lat' dir='ltr'><strong>i,</strong></span> <span class='ocrx_word' id='word_1_360' title='bbox 939 1925 951 1977; x_wconf 71' lang='grc' dir='ltr'>ς</span> <span class='ocrx_word' id='word_1_361' title='bbox 967 1933 1010 1968; x_wconf 83' lang='lat'><strong>121</strong></span> <span class='ocrx_word' id='word_1_362' title='bbox 1026 1919 1093 1969; x_wconf 92' lang='lat' dir='ltr'><strong>Hinc</strong></span> <span class='ocrx_word' id='word_1_363' title='bbox 1111 1920 1148 1968; x_wconf 91' lang='lat' dir='ltr'><strong>illi</strong></span> <span class='ocrx_word' id='word_1_364' title='bbox 1165 1921 1277 1969; x_wconf 91' lang='lat' dir='ltr'><strong>homines</strong></span> <span class='ocrx_word' id='word_1_365' title='bbox 1293 1926 1361 1969; x_wconf 89' lang='lat' dir='ltr'><strong>erant</strong></span> 
     </span>
     <span class='ocr_line' id='line_1_59' title="bbox 787 1984 1360 2049; baseline 0.002 -17"><span class='ocrx_word' id='word_1_366' title='bbox 787 1985 830 2049; x_wconf 90' lang='lat' dir='ltr'><strong>qui</strong></span> <span class='ocrx_word' id='word_1_367' title='bbox 841 1985 917 2033; x_wconf 90' lang='lat' dir='ltr'><strong>etiam</strong></span> <span class='ocrx_word' id='word_1_368' title='bbox 926 1985 1025 2034; x_wconf 87' lang='lat' dir='ltr'><strong>ridiculi</strong></span> <span class='ocrx_word' id='word_1_369' title='bbox 1033 1987 1218 2035; x_wconf 89' lang='lat' dir='ltr'><strong>inveniebantur</strong></span> <span class='ocrx_word' id='word_1_370' title='bbox 1225 2002 1256 2034; x_wconf 90' lang='lat' dir='ltr'><strong>ex</strong></span> <span class='ocrx_word' id='word_1_371' title='bbox 1264 1984 1360 2036; x_wconf 91' lang='lat' dir='ltr'><strong>dolore.</strong></span> 
     </span>
     <span class='ocr_line' id='line_1_60' title="bbox 788 2050 1361 2116; baseline 0 -18"><span class='ocrx_word' id='word_1_372' title='bbox 788 2051 900 2112; x_wconf 89' lang='lat' dir='ltr'><strong>Quorum</strong></span> <span class='ocrx_word' id='word_1_373' title='bbox 906 2050 958 2110; x_wconf 89' lang='lat' dir='ltr'><strong>aln</strong></span> <span class='ocrx_word' id='word_1_374' title='bbox 967 2051 994 2098; x_wconf 94' lang='lat' dir='ltr'><strong>id</strong></span> <span class='ocrx_word' id='word_1_375' title='bbox 1002 2052 1069 2116; x_wconf 92' lang='lat' dir='ltr'><strong>quod</strong></span> <span class='ocrx_word' id='word_1_376' title='bbox 1080 2068 1155 2115; x_wconf 85' lang='lat' dir='ltr'><strong>saepe</strong></span> <span class='ocrx_word' id='word_1_377' title='bbox 1166 2051 1276 2108; x_wconf 90' lang='lat' dir='ltr'><strong>audistis,</strong></span> <span class='ocrx_word' id='word_1_378' title='bbox 1286 2065 1361 2114; x_wconf 91' lang='lat' dir='ltr'><strong>nega·</strong></span> 
     </span>
     <span class='ocr_line' id='line_1_61' title="bbox 786 2115 1361 2180; baseline 0 -16"><span class='ocrx_word' id='word_1_379' title='bbox 786 2117 845 2166; x_wconf 89' lang='lat' dir='ltr'><strong>bant</strong></span> <span class='ocrx_word' id='word_1_380' title='bbox 858 2115 997 2165; x_wconf 88' lang='lat' dir='ltr'><strong>mirandum</strong></span> <span class='ocrx_word' id='word_1_381' title='bbox 1009 2133 1060 2165; x_wconf 90' lang='lat' dir='ltr'><strong>esse</strong></span> <span class='ocrx_word' id='word_1_382' title='bbox 1072 2117 1173 2166; x_wconf 89' lang='lat' dir='ltr'><strong>iustam</strong></span> <span class='ocrx_word' id='word_1_383' title='bbox 1188 2131 1295 2180; x_wconf 90' lang='lat' dir='ltr'><strong>nequam</strong></span> <span class='ocrx_word' id='word_1_384' title='bbox 1307 2131 1361 2164; x_wconf 89' lang='lat' dir='ltr'><strong>esse</strong></span> 
     </span>
     <span class='ocr_line' id='line_1_62' title="bbox 787 2181 1360 2246; baseline 0.003 -18"><span class='ocrx_word' id='word_1_385' title='bbox 787 2182 918 2230; x_wconf 87' lang='lat' dir='ltr'><strong>verrinum.</strong></span> <span class='ocrx_word' id='word_1_386' title='bbox 953 2183 1023 2245; x_wconf 86' lang='lat' dir='ltr'><strong>Aper</strong></span> <span class='ocrx_word' id='word_1_387' title='bbox 1044 2182 1126 2246; x_wconf 89' lang='lat' dir='ltr'><strong>might</strong></span> <span class='ocrx_word' id='word_1_388' title='bbox 1149 2183 1211 2230; x_wconf 90' lang='lat' dir='ltr'><strong>have</strong></span> <span class='ocrx_word' id='word_1_389' title='bbox 1230 2182 1285 2230; x_wconf 89' lang='lat' dir='ltr'><strong>said</strong></span> <span class='ocrx_word' id='word_1_390' title='bbox 1305 2181 1360 2230; x_wconf 87' lang='lat' dir='ltr'><strong>that</strong></span> 
     </span>
     <span class='ocr_line' id='line_1_63' title="bbox 787 2246 1364 2310; baseline 0 -16"><span class='ocrx_word' id='word_1_391' title='bbox 787 2247 876 2295; x_wconf 89' lang='lat' dir='ltr'><strong>Cicero</strong></span> <span class='ocrx_word' id='word_1_392' title='bbox 892 2246 936 2295; x_wconf 93' lang='lat' dir='ltr'><strong>did</strong></span> <span class='ocrx_word' id='word_1_393' title='bbox 956 2254 1000 2295; x_wconf 91' lang='lat' dir='ltr'><strong>uot</strong></span> <span class='ocrx_word' id='word_1_394' title='bbox 1019 2247 1094 2296; x_wconf 91' lang='lat' dir='ltr'><strong>claim</strong></span> <span class='ocrx_word' id='word_1_395' title='bbox 1110 2247 1153 2296; x_wconf 93' lang='lat' dir='ltr'><strong>the</strong></span> <span class='ocrx_word' id='word_1_396' title='bbox 1171 2246 1316 2310; x_wconf 88' lang='lat' dir='ltr'><strong>authorship</strong></span> <span class='ocrx_word' id='word_1_397' title='bbox 1334 2246 1364 2296; x_wconf 87' lang='lat' dir='ltr'><strong>of</strong></span> 
     </span>
     <span class='ocr_line' id='line_1_64' title="bbox 786 2311 1342 2376; baseline 0 -16"><span class='ocrx_word' id='word_1_398' title='bbox 786 2311 835 2360; x_wconf 89' lang='lat' dir='ltr'><strong>this</strong></span> <span class='ocrx_word' id='word_1_399' title='bbox 846 2312 992 2374; x_wconf 89' lang='lat' dir='ltr'><strong>deplorable</strong></span> <span class='ocrx_word' id='word_1_400' title='bbox 1004 2328 1070 2376; x_wconf 91' lang='lat' dir='ltr'><strong>pun:</strong></span> <span class='ocrx_word' id='word_1_401' title='bbox 1088 2328 1127 2376; x_wconf 92' lang='lat' dir='ltr'><strong>cp.</strong></span> <span class='ocrx_word' id='word_1_402' title='bbox 1141 2313 1225 2376; x_wconf 87' lang='lat' dir='ltr'><strong>Quint.</strong></span> <span class='ocrx_word' id='word_1_403' title='bbox 1237 2313 1269 2360; x_wconf 90' lang='lat' dir='ltr'><strong>vi.</strong></span> <span class='ocrx_word' id='word_1_404' title='bbox 1284 2325 1307 2372; x_wconf 83' lang='lat'><strong>5,</strong></span> <span class='ocrx_word' id='word_1_405' title='bbox 1320 2327 1342 2374; x_wconf 78' lang='grc'><strong>4</strong></span> 
     </span>
    </p>

    <p class='ocr_par' dir='ltr' id='par_1_19' title="bbox 786 2380 1360 2568">
     <span class='ocr_line' id='line_1_65' title="bbox 822 2380 1296 2436; baseline 0.004 -11"><span class='ocrx_word' id='word_1_406' title='bbox 822 2392 844 2427; x_wconf 85' lang='lat' dir='ltr'><strong>a.</strong></span> <span class='ocrx_word' id='word_1_407' title='bbox 861 2380 935 2425; x_wconf 89' lang='lat' dir='ltr'><strong>illud</strong></span> <span class='ocrx_word' id='word_1_408' title='bbox 960 2381 1047 2426; x_wconf 89' lang='lat' dir='ltr'><strong>tertio</strong></span> <span class='ocrx_word' id='word_1_409' title='bbox 1071 2393 1184 2436; x_wconf 85' lang='lat' dir='ltr'><strong>quoque</strong></span> <span class='ocrx_word' id='word_1_410' title='bbox 1210 2393 1296 2426; x_wconf 87' lang='lat' dir='ltr'><strong>sensu</strong></span> 
     </span>
     <span class='ocr_line' id='line_1_66' title="bbox 786 2442 1360 2506; baseline -0.002 -14"><span class='ocrx_word' id='word_1_411' title='bbox 786 2447 922 2502; x_wconf 82' lang='lat' dir='ltr'><strong>positum,</strong></span> <span class='ocrx_word' id='word_1_412' title='bbox 931 2443 986 2492; x_wconf 87' lang='lat' dir='ltr'><strong>‘the</strong></span> <span class='ocrx_word' id='word_1_413' title='bbox 995 2442 1066 2493; x_wconf 90' lang='lat' dir='ltr'><strong>stock</strong></span> <span class='ocrx_word' id='word_1_414' title='bbox 1074 2444 1167 2506; x_wconf 91' lang='lat' dir='ltr'><strong>ending</strong></span> <span class='ocrx_word' id='word_1_415' title='bbox 1175 2443 1204 2491; x_wconf 84' lang='lat' dir='ltr'><strong>of</strong></span> <span class='ocrx_word' id='word_1_416' title='bbox 1210 2459 1282 2506; x_wconf 89' lang='lat' dir='ltr'><strong>every</strong></span> <span class='ocrx_word' id='word_1_417' title='bbox 1289 2442 1360 2492; x_wconf 88' lang='lat' dir='ltr'><strong>other</strong></span> 
     </span>
     <span class='ocr_line' id='line_1_67' title="bbox 786 2507 1302 2568; baseline -0.004 -10"><span class='ocrx_word' id='word_1_418' title='bbox 786 2510 914 2558; x_wconf 88' lang='lat' dir='ltr'><strong>sentence.&#39;</strong></span> <span class='ocrx_word' id='word_1_419' title='bbox 949 2509 999 2557; x_wconf 88' lang='lat' dir='ltr'><strong>For</strong></span> <span class='ocrx_word' id='word_1_420' title='bbox 1009 2523 1102 2568; x_wconf 81' lang='lat' dir='ltr'><strong>sensus,</strong></span> <span class='ocrx_word' id='word_1_421' title='bbox 1115 2524 1154 2558; x_wconf 90' lang='lat' dir='ltr'><strong>see</strong></span> <span class='ocrx_word' id='word_1_422' title='bbox 1166 2525 1199 2556; x_wconf 96' lang='lat' dir='ltr'><strong>on</strong></span> <span class='ocrx_word' id='word_1_423' title='bbox 1210 2509 1249 2556; x_wconf 89' lang='lat'><strong>20.</strong></span> <span class='ocrx_word' id='word_1_424' title='bbox 1264 2507 1302 2557; x_wconf 88' lang='lat'><strong>16.</strong></span> 
     </span>
    </p>

    <p class='ocr_par' dir='ltr' id='par_1_20' title="bbox 784 2573 1360 3410">
     <span class='ocr_line' id='line_1_68' title="bbox 819 2573 1358 2637; baseline 0 -15"><span class='ocrx_word' id='word_1_425' title='bbox 819 2589 870 2630; x_wconf 83' lang='lat' dir='ltr'><strong>pro</strong></span> <span class='ocrx_word' id='word_1_426' title='bbox 884 2578 1042 2624; x_wconf 87' lang='lat' dir='ltr'><strong>sententia:</strong></span> <span class='ocrx_word' id='word_1_427' title='bbox 1059 2575 1156 2622; x_wconf 89' lang='lat' dir='ltr'><strong>instead</strong></span> <span class='ocrx_word' id='word_1_428' title='bbox 1174 2573 1203 2622; x_wconf 88' lang='lat' dir='ltr'><strong>of</strong></span> <span class='ocrx_word' id='word_1_429' title='bbox 1215 2590 1231 2621; x_wconf 88' lang='lat' dir='ltr'><strong>a</strong></span> <span class='ocrx_word' id='word_1_430' title='bbox 1248 2574 1358 2637; x_wconf 89' lang='lat' dir='ltr'><strong>pointed,</strong></span> 
     </span>
     <span class='ocr_line' id='line_1_69' title="bbox 787 2638 1360 2704; baseline 0 -16"><span class='ocrx_word' id='word_1_431' title='bbox 787 2641 977 2704; x_wconf 85' lang='lat' dir='ltr'><strong>epigrammatic</strong></span> <span class='ocrx_word' id='word_1_432' title='bbox 988 2647 1122 2701; x_wconf 85' lang='lat' dir='ltr'><strong>utterance,</strong></span> <span class='ocrx_word' id='word_1_433' title='bbox 1135 2639 1203 2688; x_wconf 89' lang='lat' dir='ltr'><strong>there</strong></span> <span class='ocrx_word' id='word_1_434' title='bbox 1216 2640 1236 2686; x_wconf 91' lang='lat' dir='ltr'><strong>is</strong></span> <span class='ocrx_word' id='word_1_435' title='bbox 1248 2638 1306 2702; x_wconf 91' lang='lat' dir='ltr'><strong>only</strong></span> <span class='ocrx_word' id='word_1_436' title='bbox 1318 2639 1360 2689; x_wconf 87' lang='lat' dir='ltr'><strong>the</strong></span> 
     </span>
     <span class='ocr_line' id='line_1_70' title="bbox 784 2705 1360 2770; baseline 0.002 -18"><span class='ocrx_word' id='word_1_437' title='bbox 784 2705 863 2770; x_wconf 87' lang='lat' dir='ltr'><strong>jingle</strong></span> <span class='ocrx_word' id='word_1_438' title='bbox 876 2705 905 2754; x_wconf 86' lang='lat' dir='ltr'><strong>of</strong></span> <span class='ocrx_word' id='word_1_439' title='bbox 918 2721 966 2754; x_wconf 82' lang='lat' dir='ltr'><strong>esse</strong></span> <span class='ocrx_word' id='word_1_440' title='bbox 982 2705 1107 2754; x_wconf 79' lang='lat' dir='ltr'><strong>videatur.</strong></span> <span class='ocrx_word' id='word_1_441' title='bbox 1141 2705 1187 2768; x_wconf 90' lang='lat' dir='ltr'><strong>Cp.</strong></span> <span class='ocrx_word' id='word_1_442' title='bbox 1200 2720 1256 2753; x_wconf 90' lang='lat' dir='ltr'><strong>curn</strong></span> <span class='ocrx_word' id='word_1_443' title='bbox 1268 2705 1360 2753; x_wconf 90' lang='lat' dir='ltr'><strong>lumine</strong></span> 
     </span>
     <span class='ocr_line' id='line_1_71' title="bbox 787 2770 1359 2834; baseline -0.003 -15"><span class='ocrx_word' id='word_1_444' title='bbox 787 2771 904 2834; x_wconf 89' lang='lat' dir='ltr'><strong>quodam,</strong></span> <span class='ocrx_word' id='word_1_445' title='bbox 917 2774 1004 2832; x_wconf 79' lang='lat'><strong>2213.</strong></span> <span class='ocrx_word' id='word_1_446' title='bbox 1038 2772 1067 2820; x_wconf 90' lang='lat' dir='ltr'><strong>In</strong></span> <span class='ocrx_word' id='word_1_447' title='bbox 1079 2770 1200 2820; x_wconf 81' lang='lat' dir='ltr'><strong>thesaure</strong></span> <span class='ocrx_word' id='word_1_448' title='bbox 1215 2786 1270 2834; x_wconf 89' lang='lat' dir='ltr'><strong>way</strong></span> <span class='ocrx_word' id='word_1_449' title='bbox 1282 2771 1359 2833; x_wconf 90' lang='lat' dir='ltr'><strong>Quin·</strong></span> 
     </span>
     <span class='ocr_line' id='line_1_72' title="bbox 786 2836 1360 2900; baseline -0.002 -15"><span class='ocrx_word' id='word_1_450' title='bbox 786 2837 865 2896; x_wconf 88' lang='lat' dir='ltr'><strong>tilian,</strong></span> <span class='ocrx_word' id='word_1_451' title='bbox 889 2837 1009 2900; x_wconf 90' lang='lat' dir='ltr'><strong>speaking</strong></span> <span class='ocrx_word' id='word_1_452' title='bbox 1037 2837 1066 2885; x_wconf 86' lang='lat' dir='ltr'><strong>of</strong></span> <span class='ocrx_word' id='word_1_453' title='bbox 1089 2837 1160 2885; x_wconf 88' lang='lat' dir='ltr'><strong>those</strong></span> <span class='ocrx_word' id='word_1_454' title='bbox 1187 2836 1245 2884; x_wconf 88' lang='lat' dir='ltr'><strong>who</strong></span> <span class='ocrx_word' id='word_1_455' title='bbox 1270 2836 1360 2884; x_wconf 90' lang='lat' dir='ltr'><strong>shelter</strong></span> 
     </span>
     <span class='ocr_line' id='line_1_73' title="bbox 787 2901 1360 2962; baseline -0.005 -11"><span class='ocrx_word' id='word_1_456' title='bbox 787 2901 934 2951; x_wconf 87' lang='lat' dir='ltr'><strong>themselves</strong></span> <span class='ocrx_word' id='word_1_457' title='bbox 945 2902 1023 2950; x_wconf 89' lang='lat' dir='ltr'><strong>under</strong></span> <span class='ocrx_word' id='word_1_458' title='bbox 1030 2902 1072 2951; x_wconf 92' lang='lat' dir='ltr'><strong>the</strong></span> <span class='ocrx_word' id='word_1_459' title='bbox 1081 2918 1154 2950; x_wconf 91' lang='lat' dir='ltr'><strong>name</strong></span> <span class='ocrx_word' id='word_1_460' title='bbox 1166 2901 1195 2950; x_wconf 86' lang='lat' dir='ltr'><strong>of</strong></span> <span class='ocrx_word' id='word_1_461' title='bbox 1201 2901 1296 2960; x_wconf 89' lang='lat' dir='ltr'><strong>Cicero,</strong></span> <span class='ocrx_word' id='word_1_462' title='bbox 1304 2917 1360 2962; x_wconf 87' lang='lat' dir='ltr'><strong>says</strong></span> 
     </span>
     <span class='ocr_line' id='line_1_74' title="bbox 789 2967 1359 3031; baseline -0.004 -15"><span class='ocrx_word' id='word_1_463' title='bbox 789 2971 823 3031; x_wconf 88' lang='lat' dir='ltr'><strong>(x.</strong></span> <span class='ocrx_word' id='word_1_464' title='bbox 843 2983 864 3026; x_wconf 85' lang='lat' dir='ltr'><strong>a,</strong></span> <span class='ocrx_word' id='word_1_465' title='bbox 886 2968 977 3031; x_wconf 88' lang='lat'>17—18)</span> <span class='ocrx_word' id='word_1_466' title='bbox 1000 2968 1089 3016; x_wconf 90' lang='lat' dir='ltr'><strong>‘otiosi</strong></span> <span class='ocrx_word' id='word_1_467' title='bbox 1109 2975 1134 3016; x_wconf 90' lang='lat' dir='ltr'><strong>et</strong></span> <span class='ocrx_word' id='word_1_468' title='bbox 1152 2967 1240 3031; x_wconf 87' lang='lat' dir='ltr'><strong>supini,</strong></span> <span class='ocrx_word' id='word_1_469' title='bbox 1261 2967 1359 3030; x_wconf 89' lang='lat' dir='ltr'><strong>siquid</strong></span> 
     </span>
     <span class='ocr_line' id='line_1_75' title="bbox 787 3032 1359 3096; baseline 0 -16"><span class='ocrx_word' id='word_1_470' title='bbox 787 3034 864 3082; x_wconf 89' lang='lat' dir='ltr'><strong>modo</strong></span> <span class='ocrx_word' id='word_1_471' title='bbox 884 3032 982 3096; x_wconf 90' lang='lat' dir='ltr'><strong>longius</strong></span> <span class='ocrx_word' id='word_1_472' title='bbox 1000 3033 1220 3090; x_wconf 89' lang='lat' dir='ltr'><strong>circumduxerunt,</strong></span> <span class='ocrx_word' id='word_1_473' title='bbox 1234 3033 1312 3080; x_wconf 87' lang='lat' dir='ltr'><strong>iurant</strong></span> <span class='ocrx_word' id='word_1_474' title='bbox 1323 3033 1359 3080; x_wconf 90' lang='lat' dir='ltr'><strong>ita</strong></span> 
     </span>
     <span class='ocr_line' id='line_1_76' title="bbox 788 3099 1359 3148; baseline -0.005 0"><span class='ocrx_word' id='word_1_475' title='bbox 788 3099 932 3148; x_wconf 90' lang='lat' dir='ltr'><strong>Ciceronem</strong></span> <span class='ocrx_word' id='word_1_476' title='bbox 954 3099 1096 3148; x_wconf 88' lang='lat' dir='ltr'><strong>locuturum</strong></span> <span class='ocrx_word' id='word_1_477' title='bbox 1116 3099 1198 3148; x_wconf 78' lang='lat' dir='ltr'><strong>fuisse.</strong></span> <span class='ocrx_word' id='word_1_478' title='bbox 1232 3099 1359 3146; x_wconf 90' lang='lat' dir='ltr'><strong>Noveram</strong></span> 
     </span>
     <span class='ocr_line' id='line_1_77' title="bbox 786 3163 1359 3229; baseline -0.002 -16"><span class='ocrx_word' id='word_1_479' title='bbox 786 3165 907 3228; x_wconf 89' lang='lat' dir='ltr'><strong>quosdam</strong></span> <span class='ocrx_word' id='word_1_480' title='bbox 919 3165 961 3229; x_wconf 92' lang='lat' dir='ltr'><strong>qui</strong></span> <span class='ocrx_word' id='word_1_481' title='bbox 973 3179 998 3212; x_wconf 90' lang='lat' dir='ltr'><strong>se</strong></span> <span class='ocrx_word' id='word_1_482' title='bbox 1011 3165 1111 3228; x_wconf 90' lang='lat' dir='ltr'><strong>pulchre</strong></span> <span class='ocrx_word' id='word_1_483' title='bbox 1126 3163 1271 3228; x_wconf 88' lang='lat' dir='ltr'><strong>expressisse</strong></span> <span class='ocrx_word' id='word_1_484' title='bbox 1283 3180 1359 3226; x_wconf 89' lang='lat' dir='ltr'><strong>genus</strong></span> 
     </span>
     <span class='ocr_line' id='line_1_78' title="bbox 786 3229 1358 3278; baseline -0.003 0"><span class='ocrx_word' id='word_1_485' title='bbox 786 3230 851 3278; x_wconf 92' lang='lat' dir='ltr'><strong>illud</strong></span> <span class='ocrx_word' id='word_1_486' title='bbox 862 3229 974 3278; x_wconf 90' lang='lat' dir='ltr'><strong>caelestis</strong></span> <span class='ocrx_word' id='word_1_487' title='bbox 992 3230 1064 3278; x_wconf 90' lang='lat' dir='ltr'><strong>huius</strong></span> <span class='ocrx_word' id='word_1_488' title='bbox 1081 3231 1106 3277; x_wconf 92' lang='lat' dir='ltr'><strong>in</strong></span> <span class='ocrx_word' id='word_1_489' title='bbox 1125 3229 1231 3277; x_wconf 90' lang='lat' dir='ltr'><strong>dicendo</strong></span> <span class='ocrx_word' id='word_1_490' title='bbox 1248 3229 1294 3276; x_wconf 91' lang='lat' dir='ltr'><strong>viri</strong></span> <span class='ocrx_word' id='word_1_491' title='bbox 1312 3229 1358 3277; x_wconf 87' lang='lat' dir='ltr'><strong>sibi</strong></span> 
     </span>
     <span class='ocr_line' id='line_1_79' title="bbox 784 3295 1359 3358; baseline 0 -15"><span class='ocrx_word' id='word_1_492' title='bbox 784 3296 932 3355; x_wconf 91' lang='lat' dir='ltr'><strong>yiderentur,</strong></span> <span class='ocrx_word' id='word_1_493' title='bbox 946 3296 966 3343; x_wconf 91' lang='lat' dir='ltr'><strong>si</strong></span> <span class='ocrx_word' id='word_1_494' title='bbox 987 3295 1012 3344; x_wconf 93' lang='lat' dir='ltr'><strong>in</strong></span> <span class='ocrx_word' id='word_1_495' title='bbox 1029 3295 1140 3345; x_wconf 86' lang='lat' dir='ltr'><strong>clausula</strong></span> <span class='ocrx_word' id='word_1_496' title='bbox 1156 3295 1295 3358; x_wconf 89' lang='lat' dir='ltr'><strong>posuissent</strong></span> <span class='ocrx_word' id='word_1_497' title='bbox 1312 3309 1359 3343; x_wconf 76' lang='lat' dir='ltr'><strong>csse</strong></span> 
     </span>
     <span class='ocr_line' id='line_1_80' title="bbox 786 3358 921 3410; baseline -0.007 -1"><span class='ocrx_word' id='word_1_498' title='bbox 786 3358 921 3410; x_wconf 69' lang='lat' dir='ltr'><strong>videatur!</strong></span> 
     </span>
    </p>

    <p class='ocr_par' dir='ltr' id='par_1_21' title="bbox 786 3422 1361 3749">
     <span class='ocr_line' id='line_1_81' title="bbox 819 3422 1360 3488; baseline -0.002 -16"><span class='ocrx_word' id='word_1_499' title='bbox 819 3442 844 3488; x_wconf 85' lang='grc'><strong>4.</strong></span> <span class='ocrx_word' id='word_1_500' title='bbox 861 3428 1031 3485; x_wconf 85' lang='lat' dir='ltr'><strong>exprimunt,</strong></span> <span class='ocrx_word' id='word_1_501' title='bbox 1061 3422 1242 3488; x_wconf 88' lang='lat' dir='ltr'><strong>‘reprodnce’:</strong></span> <span class='ocrx_word' id='word_1_502' title='bbox 1278 3438 1306 3471; x_wconf 88' lang='lat' dir='ltr'><strong>as</strong></span> <span class='ocrx_word' id='word_1_503' title='bbox 1333 3430 1360 3472; x_wconf 89' lang='lat' dir='ltr'><strong>at</strong></span> 
     </span>
     <span class='ocr_line' id='line_1_82' title="bbox 787 3488 1360 3552; baseline -0.009 -12"><span class='ocrx_word' id='word_1_504' title='bbox 787 3494 826 3540; x_wconf 89' lang='lat'><strong>20.</strong></span> <span class='ocrx_word' id='word_1_505' title='bbox 839 3505 865 3538; x_wconf 89' lang='lat'><strong>11</strong></span> <span class='ocrx_word' id='word_1_506' title='bbox 879 3509 885 3539; x_wconf 82' lang='grc' dir='ltr'><strong>ι</strong></span> <span class='ocrx_word' id='word_1_507' title='bbox 897 3494 936 3540; x_wconf 94' lang='lat'><strong>21.</strong></span> <span class='ocrx_word' id='word_1_508' title='bbox 949 3491 981 3539; x_wconf 90' lang='lat' dir='ltr'><strong>ad</strong></span> <span class='ocrx_word' id='word_1_509' title='bbox 988 3491 1030 3540; x_wconf 91' lang='lat' dir='ltr'><strong>fin.</strong></span> <span class='ocrx_word' id='word_1_510' title='bbox 1054 3491 1154 3540; x_wconf 87' lang='lat' dir='ltr'><strong>Instead</strong></span> <span class='ocrx_word' id='word_1_511' title='bbox 1166 3491 1195 3538; x_wconf 83' lang='lat' dir='ltr'><strong>ol</strong></span> <span class='ocrx_word' id='word_1_512' title='bbox 1203 3491 1245 3538; x_wconf 89' lang='lat' dir='ltr'><strong>the</strong></span> <span class='ocrx_word' id='word_1_513' title='bbox 1256 3488 1360 3552; x_wconf 88' lang='lat' dir='ltr'><strong>reading</strong></span> 
     </span>
     <span class='ocr_line' id='line_1_83' title="bbox 786 3555 1361 3619; baseline -0.005 -15"><span class='ocrx_word' id='word_1_514' title='bbox 786 3557 812 3605; x_wconf 89' lang='lat' dir='ltr'><strong>in</strong></span> <span class='ocrx_word' id='word_1_515' title='bbox 829 3557 870 3606; x_wconf 90' lang='lat' dir='ltr'><strong>the</strong></span> <span class='ocrx_word' id='word_1_516' title='bbox 887 3564 946 3618; x_wconf 87' lang='lat' dir='ltr'><strong>text,</strong></span> <span class='ocrx_word' id='word_1_517' title='bbox 965 3557 1105 3604; x_wconf 81' lang='lat' dir='ltr'><strong>imitantur</strong></span> <span class='ocrx_word' id='word_1_518' title='bbox 1121 3563 1195 3619; x_wconf 88' lang='lat' dir='ltr'><strong>atque</strong></span> <span class='ocrx_word' id='word_1_519' title='bbox 1213 3555 1361 3619; x_wconf 81' lang='lat' dir='ltr'><strong>cxpn&#39;munt</strong></span> 
     </span>
     <span class='ocr_line' id='line_1_84' title="bbox 786 3621 1359 3686; baseline -0.004 -16"><span class='ocrx_word' id='word_1_520' title='bbox 786 3623 832 3670; x_wconf 89' lang='lat' dir='ltr'><strong>has</strong></span> <span class='ocrx_word' id='word_1_521' title='bbox 854 3623 914 3670; x_wconf 91' lang='lat' dir='ltr'><strong>been</strong></span> <span class='ocrx_word' id='word_1_522' title='bbox 938 3622 1069 3686; x_wconf 89' lang='lat' dir='ltr'><strong>suggested</strong></span> <span class='ocrx_word' id='word_1_523' title='bbox 1092 3621 1291 3685; x_wconf 87' lang='lat' dir='ltr'><strong>(Cornelissen):</strong></span> <span class='ocrx_word' id='word_1_524' title='bbox 1318 3635 1359 3683; x_wconf 92' lang='lat' dir='ltr'><strong>cp.</strong></span> 
     </span>
     <span class='ocr_line' id='line_1_85' title="bbox 787 3686 1205 3750; baseline -0.008 -14"><span class='ocrx_word' id='word_1_525' title='bbox 787 3688 839 3736; x_wconf 85' lang='lat' dir='ltr'><strong>Cic</strong></span> <span class='ocrx_word' id='word_1_526' title='bbox 852 3689 984 3750; x_wconf 67' lang='lat'><strong>0151</strong></span> <span class='ocrx_word' id='word_1_527' title='bbox 1001 3686 1205 3749; x_wconf 67' lang='lat' dir='ltr'><strong>de0r11590.</strong></span> 
     </span>
    </p>

    <p class='ocr_par' dir='ltr' id='par_1_22' title="bbox 820 3749 1332 3817">
     <span class='ocr_line' id='line_1_86' title="bbox 820 3749 1332 3817; baseline -0.01 -16"><span class='ocrx_word' id='word_1_528' title='bbox 820 3768 843 3817; x_wconf 87' lang='lat'><strong>5.</strong></span> <span class='ocrx_word' id='word_1_529' title='bbox 861 3756 1002 3810; x_wconf 86' lang='lat' dir='ltr'><strong>antiquos,</strong></span> <span class='ocrx_word' id='word_1_530' title='bbox 1015 3768 1031 3801; x_wconf 92' lang='lat' dir='ltr'><strong>o</strong></span> <span class='ocrx_word' id='word_1_531' title='bbox 1034 3752 1095 3801; x_wconf 87' lang='lat' dir='ltr'><strong>lthe</strong></span> <span class='ocrx_word' id='word_1_532' title='bbox 1106 3751 1173 3815; x_wconf 94' lang='lat' dir='ltr'><strong>good</strong></span> <span class='ocrx_word' id='word_1_533' title='bbox 1185 3750 1228 3800; x_wconf 92' lang='lat' dir='ltr'><strong>old</strong></span> <span class='ocrx_word' id='word_1_534' title='bbox 1238 3749 1332 3800; x_wconf 90' lang='lat' dir='ltr'><strong>school</strong></span> 
     </span>
    </p>

    <p class='ocr_par' dir='ltr' id='par_1_23' title="bbox 786 3815 1360 3946">
     <span class='ocr_line' id='line_1_87' title="bbox 819 3815 1360 3876; baseline -0.004 -10"><span class='ocrx_word' id='word_1_535' title='bbox 819 3818 843 3867; x_wconf 88' lang='lat'><strong>6.</strong></span> <span class='ocrx_word' id='word_1_536' title='bbox 862 3821 1041 3876; x_wconf 79' lang='lat' dir='ltr'><strong>significasse.</strong></span> <span class='ocrx_word' id='word_1_537' title='bbox 1076 3818 1126 3866; x_wconf 87' lang='lat' dir='ltr'><strong>For</strong></span> <span class='ocrx_word' id='word_1_538' title='bbox 1143 3818 1192 3866; x_wconf 89' lang='lat' dir='ltr'><strong>this</strong></span> <span class='ocrx_word' id='word_1_539' title='bbox 1208 3817 1276 3867; x_wconf 89' lang='lat' dir='ltr'><strong>infin.</strong></span> <span class='ocrx_word' id='word_1_540' title='bbox 1297 3815 1360 3865; x_wconf 85' lang='lat' dir='ltr'><strong>alter</strong></span> 
     </span>
     <span class='ocr_line' id='line_1_88' title="bbox 786 3883 1240 3946; baseline -0.009 -14"><span class='ocrx_word' id='word_1_541' title='bbox 786 3891 920 3943; x_wconf 78' lang='lat' dir='ltr'><strong>contentus,</strong></span> <span class='ocrx_word' id='word_1_542' title='bbox 933 3899 973 3932; x_wconf 91' lang='lat' dir='ltr'><strong>see</strong></span> <span class='ocrx_word' id='word_1_543' title='bbox 985 3899 1016 3931; x_wconf 92' lang='lat' dir='ltr'><strong>on</strong></span> <span class='ocrx_word' id='word_1_544' title='bbox 1026 3883 1137 3946; x_wconf 76' lang='lat' dir='ltr'><strong>probasse</strong></span> <span class='ocrx_word' id='word_1_545' title='bbox 1150 3884 1240 3944; x_wconf 77' lang='lat'><strong>18.13.</strong></span> 
     </span>
    </p>

    <p class='ocr_par' dir='ltr' id='par_1_24' title="bbox 786 3946 1360 4064">
     <span class='ocr_line' id='line_1_89' title="bbox 819 3946 1360 4036; baseline -0.004 -40"><span class='ocrx_word' id='word_1_546' title='bbox 819 3953 927 4036; x_wconf 65' lang='lat' dir='ltr'><strong>utrque,</strong></span> <span class='ocrx_word' id='word_1_547' title='bbox 943 3949 986 3998; x_wconf 84' lang='lat' dir='ltr'><strong>oi</strong></span> <span class='ocrx_word' id='word_1_548' title='bbox 994 3947 1097 4008; x_wconf 88' lang='lat' dir='ltr'><strong>course,</strong></span> <span class='ocrx_word' id='word_1_549' title='bbox 1108 3946 1268 4011; x_wconf 86' lang='lat' dir='ltr'><strong>‘any&#39;how,</strong></span> <span class='ocrx_word' id='word_1_550' title='bbox 1278 3962 1303 3995; x_wconf 94' lang='grc' dir='ltr'><strong>ιιι</strong></span> <span class='ocrx_word' id='word_1_551' title='bbox 1311 3963 1360 4010; x_wconf 90' lang='lat' dir='ltr'><strong>any</strong></span> 
     </span>
     <span class='ocr_line' id='line_1_90' title="bbox 786 4031 850 4064; baseline 0.016 -1"><span class='ocrx_word' id='word_1_552' title='bbox 786 4031 850 4064; x_wconf 90' lang='lat' dir='ltr'><strong>case.</strong></span> 
     </span>
    </p>

    <p class='ocr_par' dir='ltr' id='par_1_25' title="bbox 786 4077 1359 4405">
     <span class='ocr_line' id='line_1_91' title="bbox 822 4077 1358 4143; baseline -0.006 -14"><span class='ocrx_word' id='word_1_553' title='bbox 822 4091 843 4143; x_wconf 85' lang='lat'><strong>7.</strong></span> <span class='ocrx_word' id='word_1_554' title='bbox 862 4083 1008 4130; x_wconf 80' lang='lat' dir='ltr'><strong>Lucilium</strong></span> <span class='ocrx_word' id='word_1_555' title='bbox 1040 4095 1092 4136; x_wconf 83' lang='lat' dir='ltr'><strong>pro</strong></span> <span class='ocrx_word' id='word_1_556' title='bbox 1127 4081 1257 4128; x_wconf 86' lang='lat' dir='ltr'><strong>Horatio.</strong></span> <span class='ocrx_word' id='word_1_557' title='bbox 1309 4077 1358 4140; x_wconf 88' lang='lat' dir='ltr'><strong>Cp.</strong></span> 
     </span>
     <span class='ocr_line' id='line_1_92' title="bbox 787 4142 1359 4209; baseline -0.007 -15"><span class='ocrx_word' id='word_1_558' title='bbox 787 4147 870 4209; x_wconf 89' lang='lat' dir='ltr'><strong>Quint.</strong></span> <span class='ocrx_word' id='word_1_559' title='bbox 889 4163 912 4194; x_wconf 86' lang='lat' dir='ltr'><strong>x.</strong></span> <span class='ocrx_word' id='word_1_560' title='bbox 934 4159 956 4205; x_wconf 93' lang='lat'><strong>1,</strong></span> <span class='ocrx_word' id='word_1_561' title='bbox 975 4151 987 4203; x_wconf 84' lang='lat'>§</span> <span class='ocrx_word' id='word_1_562' title='bbox 1008 4159 1039 4209; x_wconf 85' lang='lat'><strong>93</strong></span> <span class='ocrx_word' id='word_1_563' title='bbox 1057 4144 1167 4193; x_wconf 90' lang='lat' dir='ltr'><strong>Lucilius</strong></span> <span class='ocrx_word' id='word_1_564' title='bbox 1185 4143 1305 4207; x_wconf 90' lang='lat' dir='ltr'><strong>quosdam</strong></span> <span class='ocrx_word' id='word_1_565' title='bbox 1323 4142 1359 4190; x_wconf 91' lang='lat' dir='ltr'><strong>ita</strong></span> 
     </span>
     <span class='ocr_line' id='line_1_93' title="bbox 786 4210 1358 4260; baseline -0.009 -1"><span class='ocrx_word' id='word_1_566' title='bbox 786 4212 884 4260; x_wconf 91' lang='lat' dir='ltr'><strong>deditos</strong></span> <span class='ocrx_word' id='word_1_567' title='bbox 895 4213 941 4260; x_wconf 92' lang='lat' dir='ltr'><strong>sibi</strong></span> <span class='ocrx_word' id='word_1_568' title='bbox 953 4211 1033 4260; x_wconf 89' lang='lat' dir='ltr'><strong>adhuc</strong></span> <span class='ocrx_word' id='word_1_569' title='bbox 1044 4210 1121 4258; x_wconf 86' lang='lat' dir='ltr'><strong>habet</strong></span> <span class='ocrx_word' id='word_1_570' title='bbox 1133 4216 1254 4257; x_wconf 86' lang='lat' dir='ltr'><strong>amatores</strong></span> <span class='ocrx_word' id='word_1_571' title='bbox 1266 4216 1292 4256; x_wconf 91' lang='lat' dir='ltr'><strong>ut</strong></span> <span class='ocrx_word' id='word_1_572' title='bbox 1301 4223 1358 4256; x_wconf 91' lang='lat' dir='ltr'><strong>eum</strong></span> 
     </span>
     <span class='ocr_line' id='line_1_94' title="bbox 786 4272 1359 4338; baseline -0.007 -14"><span class='ocrx_word' id='word_1_573' title='bbox 786 4293 836 4326; x_wconf 89' lang='lat' dir='ltr'><strong>uon</strong></span> <span class='ocrx_word' id='word_1_574' title='bbox 848 4277 957 4326; x_wconf 91' lang='lat' dir='ltr'><strong>eiusdem</strong></span> <span class='ocrx_word' id='word_1_575' title='bbox 971 4276 1048 4324; x_wconf 92' lang='lat' dir='ltr'><strong>modo</strong></span> <span class='ocrx_word' id='word_1_576' title='bbox 1062 4277 1143 4338; x_wconf 87' lang='lat' dir='ltr'><strong>operis</strong></span> <span class='ocrx_word' id='word_1_577' title='bbox 1159 4273 1299 4322; x_wconf 86' lang='lat' dir='ltr'><strong>auctoribus</strong></span> <span class='ocrx_word' id='word_1_578' title='bbox 1315 4272 1359 4321; x_wconf 90' lang='lat' dir='ltr'><strong>sed</strong></span> 
     </span>
     <span class='ocr_line' id='line_1_95' title="bbox 787 4339 1317 4405; baseline -0.01 -15"><span class='ocrx_word' id='word_1_579' title='bbox 787 4343 901 4391; x_wconf 88' lang='lat' dir='ltr'><strong>omnibus</strong></span> <span class='ocrx_word' id='word_1_580' title='bbox 912 4341 993 4405; x_wconf 90' lang='lat' dir='ltr'><strong>poetis</strong></span> <span class='ocrx_word' id='word_1_581' title='bbox 1004 4341 1124 4405; x_wconf 77' lang='lat' dir='ltr'><strong>praeferre</strong></span> <span class='ocrx_word' id='word_1_582' title='bbox 1134 4355 1183 4388; x_wconf 90' lang='lat' dir='ltr'><strong>non</strong></span> <span class='ocrx_word' id='word_1_583' title='bbox 1197 4339 1317 4388; x_wconf 87' lang='lat' dir='ltr'><strong>dubitent.</strong></span> 
     </span>
    </p>

    <p class='ocr_par' dir='ltr' id='par_1_26' title="bbox 820 4403 1360 4468">
     <span class='ocr_line' id='line_1_96' title="bbox 820 4403 1360 4468; baseline -0.008 -12"><span class='ocrx_word' id='word_1_584' title='bbox 820 4411 986 4458; x_wconf 83' lang='lat' dir='ltr'><strong>Lucretium</strong></span> <span class='ocrx_word' id='word_1_585' title='bbox 1000 4421 1052 4465; x_wconf 83' lang='lat' dir='ltr'><strong>pro</strong></span> <span class='ocrx_word' id='word_1_586' title='bbox 1070 4409 1206 4466; x_wconf 77' lang='lat' dir='ltr'><strong>Vergilio.</strong></span> <span class='ocrx_word' id='word_1_587' title='bbox 1240 4405 1269 4454; x_wconf 90' lang='lat' dir='ltr'><strong>Iu</strong></span> <span class='ocrx_word' id='word_1_588' title='bbox 1282 4403 1360 4468; x_wconf 85' lang='lat' dir='ltr'><strong>Quin·</strong></span> 
     </span>
    </p>
   </div>
   <div class='ocr_carea' id='block_1_14' title="bbox 0 0 1617 5080">
    <p class='ocr_par' dir='ltr' id='par_1_27' title="bbox 0 0 1617 5080">
     <span class='ocr_line' id='line_1_97' title="bbox 0 0 1617 5080; baseline 0 0"><span class='ocrx_word' id='word_1_589' title='bbox 0 0 1617 5080; x_wconf 95' lang='lat' dir='ltr'><strong> </strong></span> 
     </span>
    </p>
   </div>
  </div>
 </body>
</html>
