3184 5086
478 357 627 419 SH'LE
645 359 746 422 AND
767 359 1035 424 LANGUAGE.
1333 366 1355 430 li

195 531 238 593 As
249 533 298 593 the
310 540 487 605 synonyme
501 532 561 593 and
574 531 658 594 other
671 531 761 592 forms
773 532 807 592 of
817 533 925 593 double
936 535 1106 612 expression
1117 536 1146 594 in
1158 536 1206 595 the
1214 535 1356 615 Dialogue

152 631 227 692 have
244 633 379 711 engaged
400 653 418 693 a
439 643 520 709 great
541 631 606 692 deal
628 631 662 691 of
679 631 829 705 attention,
850 651 883 691 as
904 632 1032 710 forming
1054 653 1092 692 an
1112 636 1270 712 important
1291 648 1354 714 part

150 730 187 788 of
206 731 256 791 the
280 731 403 792 internal
427 731 565 792 evidence
589 730 738 790 advanced
760 732 800 808 by
820 749 910 807 many
930 732 1043 808 against
1064 732 1112 792 the
1134 733 1303 812 authorship
1324 737 1358 794 of

151 828 286 901 Tacitae,
298 849 315 889 a
330 848 413 890 more
427 849 459 890 or
473 830 529 890 less
544 829 688 906 complete
701 829 747 887 list
761 847 829 906 may
839 830 876 890 be
890 830 977 907 given
988 830 1066 907 here,
1080 831 1147 890 with
1162 831 1210 892 the
1224 832 1353 893 addition

150 926 187 985 os
195 927 245 988 the
259 946 341 988 more
356 927 478 1006 striking
492 927 526 988 os
540 927 590 988 the
609 927 798 1005 parallelisms
817 927 894 987 srorn
914 928 1028 1000 Cicero,
1046 929 1166 1002 Seneca,
1181 930 1241 990 and
1258 929 1353 1004 Quin·

149 1025 231 1084 tilian
246 1027 340 1086 which
354 1026 428 1086 have
443 1029 517 1087 been
531 1026 672 1087 collected
689 1027 729 1103 by
743 1025 792 1085 the
806 1026 937 1104 industry
951 1027 985 1088 oi
998 1027 1069 1086 such
1084 1028 1191 1090 writers
1205 1047 1238 1088 as
1253 1027 1352 1088 Wein-

148 1121 242 1197 kauff,
257 1124 391 1197 Gericke‚
406 1124 591 1197 Gruenwald,
605 1124 733 1195 Kleiber,
748 1125 807 1184 and
822 1123 936 1184 Novak.

186 1303 211 1359 1.
227 1320 267 1374 13.
292 1307 428 1362 memoria
439 1313 467 1364 et
477 1306 683 1367 recordatione:
697 1323 741 1376 cp.
752 1305 810 1362 Cic.
818 1307 896 1361 Lael.
908 1307 922 1374 §
935 1321 984 1376 103
994 1307 1151 1362 recordatio
1159 1316 1187 1362 et
1197 1303 1349 1376 memoria3

149 1391 196 1446 De
207 1393 295 1448 Prau.
309 1395 388 1451 Cous.
403 1397 417 1463 §
431 1410 465 1464 43
478 1395 567 1450 ultimi
580 1394 714 1465 temporis
728 1394 921 1449 recordatione
933 1404 961 1449 et
973 1395 1091 1464 proximi
1105 1395 1249 1450 memoria.

185 1480 211 1533 2.
226 1481 267 1535 16.
292 1483 451 1536 industn'ae
462 1489 489 1536 et
504 1483 618 1536 laboris.
655 1483 713 1537 Cic.
726 1483 811 1536 Brut.
824 1483 838 1549 §
854 1495 914 1551 237,
927 1481 982 1536 Ad
988 1483 1070 1536 Fam.
1083 1481 1137 1538 xiii.
1154 1498 1194 1550 10,
1207 1498 1233 1552 3.

183 1566 211 1620 4.
224 1582 249 1622 2.
265 1569 405 1639 frequens
423 1575 452 1624 et
473 1569 591 1624 assidua
608 1572 753 1626 contentio.
790 1569 887 1640 Quint.
906 1569 942 1624 xi.
961 1585 986 1638 2,
1003 1571 1037 1624 28
1057 1569 1190 1626 continua
1208 1579 1236 1626 et
1253 1571 1349 1626 erebra

146 1655 304 1714 meditatio.

182 1744 209 1798 4.
222 1758 247 1812 3.
275 1747 387 1816 agitare
397 1751 426 1801 et
435 1746 555 1816 insequi.
592 1744 650 1801 Cic.
663 1747 722 1800 Pro
734 1747 816 1800 Mur.
829 1746 844 1813 §
858 1759 900 1801 21.

182 1830 209 1884 5.
222 1846 265 1901 23.
290 1839 394 1887 metum
406 1839 434 1888 et
444 1839 588 1888 terrorem.
623 1834 698 1904 Agr.
709 1833 789 1888 mii.
803 1835 818 1888 8
831 1851 837 1901 ;
858 1833 916 1888 Cic.
935 1834 1012 1888 Verr.
1026 1832 1062 1889 iv.
1077 1847 1117 1902 19,
1130 1846 1173 1900 41.

182 1919 209 1973 5.
223 1934 266 1987 24.
285 1922 415 1992 potentia
424 1939 456 1976 ac
461 1924 616 1992 potestate:
637 1938 684 1976 see
696 1930 762 1975 note
774 1921 812 1976 ad
823 1922 876 1976 loc.

182 2006 208 2061 6.
219 2021 244 2075 3.
268 2008 353 2062 libero
361 2013 389 2063 et
399 2010 541 2080 ingenuo:
561 2025 593 2064 so
607 2007 702 2078 Quint.
714 2009 793 2062 Dect.
808 2023 866 2075 101,
880 2009 913 2076 8;
934 2020 995 2079 351,
1009 2023 1042 2063 22
1062 2007 1116 2078 (ed.
1131 2006 1242 2077 Ritter).

182 2093 209 2148 6.
224 2106 248 2164 5.
266 2096 603 2168 plenametfrequentem
615 2098 738 2150 domum.

181 2181 208 2234 6.
224 2195 265 2236 11.
288 2181 414 2237 homines
425 2189 569 2244 ueteresrt
578 2199 663 2238 senes.

180 2268 207 2323 6.
220 2283 262 2324 22.
286 2287 390 2324 novam
402 2277 431 2325 et
440 2261 574 2326 recentem
584 2287 682 2325 curam
695 2287 701 2325 :
721 2287 764 2340 cp.
775 2270 800 2324 8.
810 2269 917 2338 3novis
924 2275 952 2325 et
959 2270 1113 2324 recentibus
1124 2309 1131 2324 .
1144 2309 1153 2324 .
1165 2307 1173 2324 .
1187 2308 1194 2324 .
1206 2270 1348 2340 exemptis.

144 2355 185 2410 So
198 2357 277 2411 Hist.
291 2357 326 2412 iv.
340 2359 382 2428 65,
398 2370 428 2428 15
442 2377 517 2414 nova
529 2368 557 2413 et
570 2359 693 2414 recentia
707 2358 784 2425 iura;
805 2358 864 2413 Cic.
876 2359 936 2412 Pro
946 2357 1061 2425 Flami
1073 2359 1091 2411 6
1102 2358 1164 2427 lege
1176 2358 1231 2412 hac
1244 2359 1346 2414 recenti

143 2459 180 2497 ac
192 2460 284 2511 nova;
305 2445 364 2500 Liv.
378 2461 393 2515 3
396 2458 420 2516 5,
436 2462 469 2502 10
481 2464 556 2501 nova
568 2463 602 2501 ac
614 2445 737 2501 recentia
748 2445 851 2500 omnia.

182 2531 206 2584 7.
220 2532 245 2585 8.
263 2536 341 2587 tueri
350 2540 379 2588 et
388 2534 548 2604 defundere:
567 2551 615 2590 see
627 2543 694 2589 note
705 2533 744 2589 ad
755 2535 807 2588 loc.

182 2614 207 2668 7.
223 2630 263 2670 11.
282 2619 369 2688 Jama
380 2624 408 2671 et
418 2620 490 2674 laus.
528 2618 622 2688 Quint.
636 2619 713 2673 Dect.
728 2630 772 2688 37,
788 2632 821 2684 14
832 2615 915 2672 laude
927 2624 955 2670 et
967 2615 1051 2670 sama.

181 2701 207 2754 7.
222 2715 262 2771 17.
287 2704 413 2760 aduenae
424 2712 451 2759 et
456 2707 612 2776 peregrim.

181 2789 207 2843 8.
220 2803 245 2858 7.
271 2809 375 2848 numen
387 2799 415 2846 et
426 2795 551 2848 caelestis
563 2795 616 2848 ut's.
984 2841 987 2844 .

182 2877 266 2932 811.
293 2879 437 2935 sordidius
448 2886 476 2934 et
486 2881 636 2936 abiectius:
657 2896 688 2934 so
700 2880 780 2936 Ana.
792 2878 847 2934 xiii.
861 2880 904 2947 46,
925 2879 957 2934 16
975 2877 1116 2934 abiectum
1134 2887 1162 2934 et
1181 2877 1343 2934 sordidumr

143 2981 188 3035 cp.
204 2965 298 3035 Quint.
312 2965 339 3021 ii.
355 2979 439 3035 12,7;
461 2968 525 3022 Sen.
539 2969 593 3038 Ep.
607 2981 650 3036 37,
663 2981 688 3034 4

179 3052 204 3107 8.
221 3068 261 3108 12.
282 3057 441 3125 paupertas
452 3061 480 3108 et
491 3057 642 3126 angustiae
653 3072 758 3109 rerum.

179 3140 206 3194 9.
222 3155 245 3195 1.
271 3145 401 3196 carmina
413 3149 440 3196 et
451 3159 568 3197 uersus:
587 3159 634 3197 see
647 3151 722 3198 note.

178 3227 205 3282 9.
220 3239 260 3298 15.
287 3231 400 3284 excudit
410 3236 438 3284 et
445 3230 642 3284 elucubravit:
663 3247 710 3284 see
722 3238 795 3285 note.

178 3317 204 3370 9.
218 3331 260 3372 21.
278 3324 382 3372 certam
402 3324 430 3372 et
445 3318 566 3371 solidam
584 3357 591 3372 .
610 3357 618 3373 .
637 3357 645 3372 .
654 3318 783 3390 frugem.
813 3317 910 3386 Quint.
928 3317 1087 3394 Dect-116,
1107 3330 1123 3370 2
1145 3316 1255 3371 firmam
1276 3315 1342 3371 soli-

140 3404 273 3476 demque.

178 3492 205 3545 9.
217 3507 260 3561 29.
287 3493 588 3564 elaborareetefficere.
629 3491 687 3547 Cic.
700 3493 753 3546 Ad
763 3493 845 3548 Fam.
862 3493 896 3546 ix.
912 3493 952 3560 16,
963 3505 987 3546 2.

177 3579 203 3635 9.
216 3594 259 3648 31.
285 3598 400 3635 nemora
411 3587 439 3634 et
449 3581 533 3636 lucos.
572 3581 664 3636 Germ.
681 3579 715 3634 ix.
730 3580 765 3644 83
793 3598 819 3634 x.
835 3594 866 3634 12
880 3599 888 3646 ;
913 3579 966 3634 xlv.
981 3594 1031 3634 22:
1060 3595 1103 3649 cp.
1117 3577 1212 3648 Quint.
1230 3596 1256 3631 x.
1269 3592 1295 3646 3,
1309 3592 1341 3631 22

140 3683 259 3722 nemora
269 3667 419 3738 silvasque.

178 3755 221 3809 10.
238 3769 278 3822 14.
303 3773 399 3811 sacras
410 3761 438 3809 et
449 3755 628 3810 venerabiles.
656 3756 720 3810 Sen.
731 3755 787 3824 Ep.
798 3768 839 3823 14,
855 3768 884 3809 11
899 3753 957 3808 and
971 3765 1013 3823 55,
1025 3769 1061 3822 4;
1082 3753 1177 3824 Quint.
1190 3752 1266 3808 Decl.
1280 3763 1341 3821 345,

143 3855 176 3909 14
189 3859 297 3898 sacram
310 3853 338 3898 et
351 3843 557 3898 venerabilem:
577 3859 619 3912 cp.
633 3856 693 3910 270,
708 3853 752 3911 25.

178 3930 220 3985 10.
229 3945 272 3985 22.
298 3931 386 3985 robur
395 3948 429 3986 ac
440 3933 524 3985 uires.
560 3929 680 3985 Hirtii.
695 3944 737 3999 11,
747 3928 873 3999 9virium
885 3945 919 3984 ac
932 3929 1040 3983 roboris
1054 3926 1157 3997 (where
1169 3930 1246 3982 uires
1255 3927 1340 3984 refers

138 4017 271 4072 however
282 4027 311 4074 to
324 4018 477 4073 numericai
489 4017 626 4088 strength)
639 4035 646 4073 :
667 4035 710 4088 cp.
724 4018 819 4088 Quint.
833 4036 859 4072 v.
874 4033 914 4084 12,
931 4019 962 4073 18
975 4019 1060 4073 robur
1071 4033 1105 4072 ac
1119 4018 1245 4072 lacertos.

178 4105 219 4160 10.
233 4119 275 4173 31.
297 4107 436 4172 fortuitae
447 4113 474 4160 et
484 4107 593 4161 subitae
605 4105 752 4161 dictiones:
773 4123 820 4160 see
832 4114 907 4159 note.

177 4192 218 4248 11.
231 4205 256 4261 7.
284 4194 512 4264 efficereetemti.
551 4193 608 4248 Cic.
621 4193 739 4260 nantas
755 4205 805 4264 591Ι
823 4194 950 4263 cp.Diu.
963 4195 995 4247 in
1010 4193 1085 4248 Caec.
1099 4192 1113 4260 §
1128 4189 1170 4246 26.

176 4279 217 4334 11.
234 4295 275 4336 11.
300 4282 418 4335 notitiae
429 4298 464 4336 ac
474 4283 604 4347 nominis,
617 4282 674 4336 and
686 4281 770 4350 again
782 4289 812 4336 at
823 4281 866 4336 36.
882 4295 922 4350 19.

176 4367 218 4423 12.
233 4380 256 4438 5·
283 4369 344 4424 loca
350 4370 431 4439 pura
442 4375 528 4438 atque
538 4371 706 4424 innocentia.

175 4455 218 4511 12.
234 4469 274 4510 12.
297 4459 390 4527 poetes
400 4462 429 4510 et
438 4457 560 4512 vatibus.

716 4562 766 4604 ea
