3224 5080
451 346 687 413 DIALOGUS
708 347 775 408 DE
799 342 1104 407 ORATORIBUS.
1338 346 1380 419 59

181 521 287 586 Decio
306 520 457 586 Samnite
479 528 535 585 aut
558 521 653 585 Bruti
675 540 734 604 pro
754 518 914 584 Deiotaro
930 537 1007 598 rege
1023 522 1215 596 ceterosque
1232 511 1380 575 eiusdem
1397 533 1427 584 ²5

18 621 64 728 '⁴7'
92 621 165 720 ,ΞΜ
179 635 384 727 lentitudinis
407 654 445 698 ac
468 634 592 730 1360ῑί3
615 632 716 698 libros
734 631 823 714 legit,
839 630 900 694 nisi
916 631 972 712 qui
989 637 1023 693 et
1039 627 1184 692 carmina
1199 623 1380 689 eorundem
1398 626 1431 724 ti
1442 611 1535 718 Ἣ
1571 632 1577 644 ‘

181 747 327 836 miratur.
360 735 526 810 'Fecerunt
538 747 623 810 enim
639 755 673 809 et
688 745 835 808 carmina
850 749 883 806 et
899 743 931 805 in
947 739 1164 806 bibliothecas
1174 736 1380 810 rettulerunt,

179 878 246 921 non
264 858 381 922 melius
397 878 496 940 quam
516 857 640 937 Cicero,
657 858 714 921 sed
738 855 873 944 felicius,
889 856 966 939 quia
989 854 1062 919 illos
1081 823 1380 935 secissesspauciores
1433 845 1435 870 ³

180 971 297 1035 sciunt.
331 963 475 1034 Asinius
482 991 623 1054 quoque,
633 969 835 1052 quamquam
846 967 1053 1052 propioribus
1065 946 1270 1048 temporibus
1284 971 1380 1027 natus
1447 978 1474 1005 ..r
1486 985 1500 1008 r·
1514 987 1534 1000 ··
1552 991 1554 1001 ν

180 1084 233 1160 sit,
249 1083 379 1146 videtur
393 1082 474 1162 mihi
494 1084 580 1147 inter
596 1083 770 1146 Menenios
785 1089 819 1143 et
834 1081 966 1163 Appios
981 1079 1155 1143 studuisse.
1201 1075 1379 1140 Pacuvium
1395 1091 1429 1141 ³0

180 1202 270 1258 certe
286 1204 319 1257 et
334 1191 475 1258 Accium
491 1214 557 1257 non
576 1193 683 1256 solum
705 1191 886 1274 tragoediis
901 1190 959 1253 sed
975 1191 1075 1253 etiam
1091 1187 1296 1253 orationibus
1314 1185 1380 1249 suis

26 1305 98 1361 uuis
127 1321 129 1327 ’
180 1305 364 1408 expffssit:
387 1306 473 1368 adeo
488 1306 588 1370 durus
609 1314 643 1368 et
665 1305 770 1368 siccus
786 1313 845 1368 est.
892 1302 1009 1367 Oratio
1024 1310 1146 1375 autem,
1163 1300 1246 1364 sicut
1261 1317 1381 1379 corpus

18 1423 23 1445 “
179 1406 331 1491 hominis,
345 1438 384 1480 ea
394 1418 529 1509 demum
539 1416 678 1500 pulchra
692 1427 742 1481 est
755 1418 787 1479 in
800 1435 866 1498 qua
878 1435 944 1479 non
958 1415 1102 1478 eminent
1113 1432 1217 1476 venae
1229 1430 1288 1474 nec
1305 1431 1381 1474 ossa

180 1540 403 1609 numerantur,
419 1531 477 1594 sed
494 1539 697 1612 temperatus
712 1549 751 1593 ac
774 1529 880 1593 bonus
896 1527 1030 1609 sanguis
1049 1525 1166 1610 implet
1182 1522 1331 1587 membra
1346 1529 1383 1585 et

215 1664 253 1714 26.
271 1665 360 1729 teporis
374 1666 482 1730 Lipsius,
493 1665 609 1730 temporis
622 1666 675 1731 (per
692 1663 852 1730 compendia)
870 1664 943 1714 codd.
1078 1671 1116 1724 ²7·
1134 1661 1287 1712 bibliothecas
1298 1659 1381 1720 ADC,

179 1733 321 1796 byblrotccar
333 1733 353 1780 B
366 1731 430 1797 (also
441 1739 468 1780 at
479 1732 518 1784 37.
531 1733 566 1792 6).
660 1733 698 1782 28.
716 1731 778 1797 quia
790 1729 983 1792 EV,CADHs:
1001 1729 1049 1794 qui
1059 1729 1113 1779 AB.
1147 1727 1203 1778 illos
1214 1733 1280 1776 most
1292 1725 1379 1776 codd:

179 1799 239 1847 istos
249 1797 302 1847 AB.
404 1811 442 1859 31.
461 1798 491 1846 r'n
502 1797 635 1862 tragoedia
646 1798 733 1858 Ritter‚
746 1796 834 1846 Halm.

179 1902 252 1952 Alter
262 1900 388 1967 nr‘sc'sorte
398 1905 532 1969 quisquam
542 1905 660 1968 (=nemo
669 1904 754 1968 enim),
806 1911 890 1969 togae,
900 1903 1019 1954 concedat
1028 1903 1111 1952 laurea
1121 1897 1239 1965 linguae‚'
1252 1906 1276 1949 et
1287 1902 1295 1926 ⁴
1304 1915 1320 1948 o
1331 1899 1380 1948 for·

179 1969 236 2018 nisi
249 1968 297 2033 qui
311 1969 409 2018 follows
423 1971 448 2018 in
465 1971 507 2020 the
524 1979 581 2021 next
595 1973 678 2022 clause
695 1973 729 2035 by
740 1987 756 2020 a
805 1976 918 2020 tunatam
930 1976 1015 2019 natam
1025 1984 1066 2018 me
1078 1967 1178 2018 consule
1190 1968 1299 2016 Romam
1309 1962 1330 2015 t’

179 2035 326 2098 negligence
345 2036 383 2084 sor
400 2036 482 2084 which
499 2052 538 2100 cp.
556 2039 621 2086 Arm.
638 2039 673 2086 iii.
687 2047 753 2101 57,a
840 2051 879 2100 29.
896 2039 1024 2085 Asinius.
1058 2034 1104 2084 See
1128 2036 1166 2082 12.
1190 2033 1224 2081 ad
1246 2031 1286 2080 fin.
1329 2030 1381 2079 For

181 2100 247 2162 (nisi
262 2105 310 2150 ut.
324 2136 330 2148 .
342 2137 350 2151 .
362 2101 416 2149 nisi
431 2101 518 2165 quod).
552 2104 576 2151 A
593 2103 694 2163 similar,
710 2104 755 2152 but
805 2099 911 2151 Pollio's
933 2108 1028 2166 poetry‚
1049 2116 1089 2164 cp.
1108 2099 1183 2162 Verg.
1203 2098 1256 2147 Ecl.
1276 2097 1327 2147 viii.
1350 2109 1380 2152 19

179 2181 250 2215 more
266 2166 370 2227 natural,
383 2168 551 2218 construction
568 2184 655 2218 occurs
668 2169 708 2221 37.
725 2183 753 2218 11
805 2168 865 2216 Sola
887 2166 1028 2232 Sophocleo
1047 2172 1091 2214 tua
1110 2165 1219 2214 carmina
1240 2164 1317 2228 digna
1339 2177 1380 2211 co·

179 2247 227 2281 nec
238 2232 368 2295 quisquam
381 2269 386 2280 .
400 2269 406 2280 .
418 2268 424 2280 .
437 2241 518 2296 potest
529 2234 576 2282 nisi
588 2235 630 2299 qui
642 2271 648 2282 .
662 2271 667 2282 .
682 2272 687 2284 .
804 2235 912 2284 thurno:
929 2233 963 2282 iii.
976 2231 1007 2280 86
1022 2231 1105 2280 Pollio
1124 2236 1149 2279 et
1165 2231 1219 2294 ipse
1238 2230 1298 2280 iacit
1314 2243 1380 2277 nova

213 2311 265 2353 pro
280 2299 368 2346 Decio
386 2301 521 2348 Samnite.
556 2299 610 2350 The
627 2300 717 2363 speech
734 2301 755 2348 is
807 2299 933 2348 carmina:
953 2298 1017 2346 Hor.
1029 2297 1080 2346 Sat.
1092 2295 1110 2346 i.
1124 2309 1162 2356 10,
1175 2309 1215 2358 42.

179 2369 225 2412 not
236 2362 334 2421 known,
345 2362 445 2412 andthe
456 2364 587 2414 difference
596 2366 621 2414 in
631 2367 673 2414 the
684 2381 756 2414 name
841 2378 880 2425 30.
897 2367 1045 2412 Menenios
1059 2399 1066 2412 .
1078 2399 1085 2412 .
1097 2398 1104 2411 .
1115 2365 1232 2418 Appios.
1272 2360 1327 2409 The
1343 2376 1381 2410 re·

181 2427 287 2489 (Decius
305 2427 438 2492 Samnites)
456 2429 538 2478 shows
557 2430 611 2480 that
628 2432 648 2479 it
665 2437 756 2480 cannot
806 2428 901 2479 ferenes
921 2431 942 2478 is
960 2437 986 2478 to
1005 2428 1134 2476 Menenius
1155 2427 1269 2490 Agrippa
1287 2425 1339 2489 (17.
1354 2427 1378 2487 2)

179 2493 243 2542 have
255 2495 317 2542 been
328 2495 461 2554 delivered,
472 2510 500 2543 as
515 2511 583 2545 some
597 2497 688 2546 editors
699 2512 756 2560 sup-
807 2496 856 2544 and
866 2502 894 2544 to
906 2496 1005 2560 Appius
1017 2493 1137 2543 Claudius
1149 2493 1244 2542 Caecus
1257 2493 1307 2553 (18.
1321 2492 1371 2553 18),

179 2575 286 2624 pose,on
294 2560 382 2609 behalf
386 2561 415 2609 of
420 2559 462 2609 the
470 2561 607 2610 individual
614 2563 756 2612 mentioned
839 2565 991 2618 studuisse,
1009 2558 1131 2616 absolute,
1148 2573 1175 2606 as
1191 2564 1218 2605 at
1235 2559 1274 2606 32.
1290 2559 1313 2616 8,
1331 2556 1380 2605 and

179 2627 206 2673 in
224 2625 277 2676 ca.
295 2641 341 2689 pro
357 2625 455 2675 Cluent.
475 2629 488 2683 t
504 2626 545 2675 161
565 2627 623 2692 (Cn.
636 2627 756 2678 Decidius
807 2629 846 2677 34.
858 2640 903 2676 10:
921 2627 971 2674 and
982 2623 1150 2688 frequentlyin
1163 2622 1308 2685 Quintilian.
1332 2624 1380 2686 Cp.

180 2689 298 2754 Samnis).
805 2693 978 2752 studiosorum,
992 2691 1079 2740 above.

215 2768 253 2818 25.
270 2772 320 2813 pro
338 2760 481 2806 Deiotaro.
515 2757 561 2807 See
579 2757 632 2809 Cic.
650 2759 683 2808 ad
700 2760 754 2809 Att.
839 2772 878 2819 32.
896 2761 1052 2814 expressit:
1080 2771 1121 2805 see
1143 2771 1175 2804 on
1195 2756 1235 2804 20.
1257 2766 1295 2801 11.
1329 2752 1381 2802 For

180 2821 229 2869 xiv.
244 2836 266 2882 r,
279 2835 307 2870 2:
333 2823 401 2870 Brut.
415 2826 427 2880 §
443 2836 480 2871 21.
515 2824 571 2873 The
589 2825 686 2874 oration
704 2840 755 2874 was
806 2824 848 2873 the
858 2823 988 2887 judgment
999 2822 1057 2872 here
1068 2821 1199 2886 expressed
1211 2835 1249 2884 cp.
1260 2818 1344 2881 Quint.
1355 2835 1378 2866 x.

180 2886 304 2936 delivered
315 2888 349 2952 by
361 2889 449 2938 Brutus
466 2890 491 2938 in
503 2889 614 2940 Caesar’s
631 2906 753 2954 presence,
809 2902 829 2949 1,
843 2902 889 2950 113
901 2889 1033 2938 anitoreet
1044 2887 1195 2937 iucunditate
1207 2885 1334 2936 Ciceronis
1345 2885 1381 2933 ita

180 2961 206 3002 at
226 2953 329 3014 Nicaea,
346 2955 371 3001 in
391 2965 414 3002 11.
425 2965 449 3002 c.
466 2953 507 3018 46.
541 2955 565 3005 It
583 2955 659 3005 failed
679 2958 708 3004 ol
723 2957 755 3004 its
807 2955 883 3019 longe
894 2956 963 3003 abest
974 2961 1001 3004 ut
1012 2953 1090 3002 videri
1102 2953 1180 3018 possit
1192 2950 1292 3001 saeculo
1303 2951 1378 3014 prior.

117 3055 120 3062 .
181 3017 269 3081 object,
287 3020 326 3068 ior
344 3019 478 3068 Deiotarus
498 3020 548 3070 lost
565 3022 627 3070 both
643 3020 683 3070 his
699 3022 754 3071 title
839 3025 928 3068 durus
953 3025 983 3068 et
1010 3022 1110 3078 sioous,
1134 3018 1211 3067 ‘hard
1241 3017 1290 3065 and
1318 3013 1380 3078 dry.'

180 3085 229 3132 and
237 3091 303 3134 most
311 3083 340 3134 os
348 3085 387 3134 his
398 3086 536 3150 tetrarchy:
556 3087 619 3136 Bell.
630 3087 703 3137 Alex.
713 3089 754 3137 68.
806 3087 898 3135 Durus
914 3086 935 3133 is
954 3085 996 3134 the
1015 3092 1067 3134 sort
1083 3084 1113 3133 oi
1126 3084 1221 3148 epithet
1235 3084 1285 3146 (cp.
1298 3080 1378 3145 asper)

213 3153 340 3199 eiusdem
366 3153 555 3212 lentitudinis,
579 3156 634 3210 &c.,
660 3155 754 3203 ‘eorre-
805 3152 860 3200 that
875 3150 956 3214 might
968 3151 999 3199 be
1011 3149 1114 3214 applied
1129 3155 1251 3199 toaman
1263 3149 1320 3196 who
1334 3147 1380 3195 has

180 3215 441 3280 spondinglytedious
454 3218 504 3266 and
522 3217 565 3267 flat
578 3218 754 3282 productione!
805 3233 838 3266 no
868 3223 951 3266 ‘sense
977 3216 1006 3265 os
1031 3213 1111 3279 style)
1150 3216 1235 3265 Siccus
1251 3235 1273 3253 =
1289 3212 1379 3270 aridus,

181 3282 233 3330 For
243 3281 404 3330 lentitudinis
415 3297 453 3346 cp.
462 3282 541 3332 lentus
548 3291 584 3332 est
594 3285 619 3332 in
629 3284 755 3348 principiis
805 3283 910 3342 ieiunus,
922 3283 1000 3342 exilis,
1014 3281 1170 3331 ‘wizened’:
1189 3296 1229 3345 cp.
1245 3279 1297 3328 Cic
1313 3279 1380 3328 Brut.

181 3349 278 3396 2211:
296 3347 513 3411 Cic.Brut.§178.
547 3356 638 3411 tepor,
649 3349 678 3399 os
684 3351 754 3414 style,
809 3353 821 3407 ξ
848 3350 894 3411 285
917 3348 1070 3396 ieiunitatem
1093 3353 1118 3396 et
1140 3347 1276 3396 siccitatem
1298 3350 1324 3393 et
1343 3344 1380 3392 in-

180 3421 266 3462 occurs
277 3412 338 3476 only
348 3413 413 3462 here.
806 3414 899 3478 opiam.
933 3413 963 3462 In
976 3413 1043 3465 Brut.
1058 3415 1071 3470 t
1086 3425 1131 3460 ooo
1148 3412 1226 3460 solcas
1241 3412 1262 3458 is
1277 3410 1338 3459 used
1354 3410 1381 3458 iu

216 3488 254 3541 27.
271 3481 467 3530 bibliothecas.
497 3479 552 3529 The
561 3480 682 3531 reference
691 3487 756 3530 must
806 3497 822 3528 a
844 3479 912 3543 good
941 3493 1010 3527 sense
1037 3476 1148 3540 (‘solid,’
1171 3473 1380 3538 ‘wiry’=aptus.

180 3543 254 3619 beto
269 3543 363 3620 private
380 3543 500 3604 libraries,
512 3546 593 3596 where
609 3547 652 3596 the
668 3561 756 3610 poems
806 3545 916 3610 pressus)
930 3543 994 3592 nihil
1013 3544 1061 3593 nisi
1078 3544 1171 3621 siceum
1188 3551 1262 3618 atque
1278 3556 1380 3590 sanum:

180 3610 756 3739 {institistiitittlttisat
807 3609 1258 3738 ⁰¹23?{ilifis⁵riin?l‚¹¹itiiei
1272 3605 1381 3721 ital.

180 3739 267 3804 public
289 3741 382 3804 library
398 3757 450 3791 was
471 3742 579 3791 founded
600 3744 633 3806 by
653 3743 755 3792 Asinius
806 3741 892 3806 figure,
908 3757 946 3806 cp.
960 3740 1044 3803 Quint
1056 3757 1079 3790 v.
1093 3740 1161 3800 ro,6
1181 3741 1238 3804 plus
1253 3738 1381 3787 habebunt

180 3805 273 3866 Pollio,
293 3817 347 3856 nc.
368 3807 555 3871 38.—Nothing
574 3808 596 3856 is
617 3809 709 3857 known
729 3807 758 3857 os
806 3807 903 3857 decoris
920 3815 965 3868 (sc.
978 3810 1135 3870 argumenta)
1152 3805 1174 3862 si
1191 3821 1241 3854 non
1256 3803 1339 3852 nudos
1355 3812 1381 3852 et

179 3887 229 3934 any
257 3872 366 3935 poetical
394 3874 574 3936 compositions
601 3875 636 3937 by
657 3875 753 3923 Brutus.
805 3874 874 3924 velut
884 3888 957 3922 carne
968 3873 1092 3936 spoliatos
1102 3880 1169 3922 artus
1180 3870 1337 3920 ostenderint.

180 3937 281 3986 Certain
299 3939 415 3986 carmina
435 3954 476 3987 are
493 3939 634 3988 mentioned
652 3941 677 3988 in
695 3954 754 3988 con·
840 3953 879 4000 34.
898 3943 1080 4000 temperatus,
1104 3937 1212 3993 ‘sound'
1236 3935 1381 3984 ‘well-tem·

179 4003 277 4052 nection
288 4002 350 4051 with
367 4001 480 4053 Caesar's
496 4019 569 4055 name
582 4005 658 4070 (Plin.
670 4005 703 4054 N.
717 4005 752 4054 H.
804 4001 897 4069 pered’
919 4001 932 4014 ⁶

179 4069 229 4118 xix.
243 4071 265 4129 8,
280 4070 346 4132 144),
355 4069 401 4117 but
411 4085 449 4119 we
460 4085 501 4118 are
512 4070 567 4118 told
579 4071 612 4134 by
623 4070 754 4120 Suetonius
838 4073 962 4127 sanguis.
997 4070 1081 4134 Quint.
1095 4085 1118 4118 x.
1134 4081 1157 4129 1,
1170 4073 1182 4127 5
1195 4067 1228 4117 60
1240 4066 1282 4130 (oi
1292 4064 1381 4114 Archi·

181 4133 318 4196 (Jul‘lvi.)
341 4135 396 4183 that
418 4136 545 4200 Augustus
567 4136 669 4185 forbade
691 4137 754 4185 their
805 4134 904 4198 lochos)
925 4135 1059 4200 plurimum
1082 4134 1208 4197 sanguinis
1230 4140 1303 4195 atque
1325 4146 1380 4179 ner-

179 4198 324 4248 circulation
333 4200 358 4248 in
367 4216 382 4248 a
391 4200 463 4250 letter
470 4208 497 4249 to
505 4201 545 4250 his
553 4201 621 4251 chief
627 4201 752 4260 librarian,
803 4217 906 4250 vorum:
921 4202 955 4250 ib.
965 4207 977 4260 ς
988 4215 1033 4264 115
1045 4217 1051 4250 ε
1064 4216 1087 4260 2,
1097 4209 1108 4258 5
1121 4213 1149 4246 12
1161 4199 1243 4247 minus
1254 4195 1381 4260 sanguinis

179 4265 314 4328 Pompeius
323 4265 416 4315 Macer.
435 4264 658 4331 Cicero’spoetical
670 4266 753 4316 efforts
804 4282 833 4315 ac
851 4267 960 4316 virium:
988 4267 1041 4316 Cic.
1063 4265 1106 4314 Or.
1127 4269 1139 4323 ξ
1161 4262 1192 4327 76
1211 4277 1261 4310 non
1278 4261 1381 4346 plurimi

179 4345 222 4379 are
244 4331 324 4380 better
341 4331 450 4380 known:
477 4332 561 4394 Quint.
580 4333 612 4381 xi.
631 4346 653 4396 1,
674 4348 705 4395 24
723 4333 753 4381 In
804 4333 930 4396 sanguinis
951 4339 996 4392 est,
1022 4335 1081 4379 ‘not
1103 4327 1279 4378 full-blooded.
1330 4326 1381 4375 For

179 4396 330 4446 carminibus
343 4398 439 4445 utinam
455 4399 611 4463 pepercisset,
624 4413 687 4464 quae
702 4413 754 4447 non
803 4405 908 4462 cognate
924 4397 1067 4461 metaphors
1086 4411 1126 4446 see
1142 4391 1312 4458 Nigelsbach,
1324 4389 1380 4454 136,

178 4461 302 4513 desierunt
314 4477 414 4527 carpere
428 4463 547 4528 maligni:
565 4464 673 4514 ‘cedant
683 4480 754 4514 arma
802 4477 827 4526 4,
840 4479 883 4529 pp.
896 4462 985 4528 556-8.
