3224 5080
436 333 674 399 DIALOGUS
693 335 762 396 DE
784 333 871 398 ORA
881 333 1087 399 TORIBUS.
1321 351 1363 420 93

161 506 267 572 sarius
282 507 472 589 exprobret,
487 506 550 591 ipsi
565 507 709 591 denique
722 497 876 600 adyoeati
891 513 1118 588 aspernentur.
1165 505 1271 590 Igitur
1285 526 1364 570 vera

162 620 276 684 statim
307 629 341 684 et
371 618 561 702 incorrupta
590 594 1065 702 eloquentiaimbuebantur,
1096 625 1131 682 et
1158 637 1363 700 quamquam

163 749 267 792 unum
291 740 516 812 sequerentur,
540 740 654 796 tamen
682 751 798 795 omnes
827 729 975 794 eiusdem
1005 728 1125 794 aetatis
1149 739 1306 813 patronos
1331 729 1365 791 in

161 841 315 924 plurimis
335 852 369 906 et
388 843 496 907 causis
518 853 552 908 et
578 843 707 908 iudiciis
727 843 991 928 cognoscebant3
1013 841 1247 938 habebantque
1262 841 1365 924 ipsius
1381 867 1411 918 15

162 953 279 1036 populi
305 954 600 1019 diversissimarum
630 956 758 1020 aurium
788 954 937 1037 copiam,
958 975 1003 1018 ex
1029 974 1095 1037 qua
1125 953 1222 1019 facile
1247 955 1366 1036 depre-

163 1067 348 1132 henderent
369 1068 448 1150 quid
476 1069 508 1132 in
534 1049 669 1151 quoque
691 1067 745 1132 vel
771 1068 968 1151 probaretur
990 1067 1042 1131 vel
1066 1066 1265 1150 displiceret.
1311 1067 1365 1130 Ita

163 1199 226 1244 nec
242 1190 437 1262 praeceptor
448 1180 571 1259 deerat,
584 1181 730 1264 optimus
744 1181 880 1264 quidem
893 1188 926 1244 et
938 1179 1164 1257 electissimus,
1174 1181 1230 1262 qui
1246 1177 1365 1262 faciem
1403 1201 1453 1230 ν’»

164 1291 383 1374 eloquentiae,
406 1312 473 1357 non
494 1293 673 1386 imaginem
697 1301 888 1376 praestaret,
907 1311 967 1356 nec
989 1292 1165 1357 adversarii
1187 1302 1220 1357 et
1243 1291 1365 1356 aemuli

30 1423 34 1431 ¹
162 1404 260 1479 ferro,
285 1425 350 1469 non
373 1389 738 1503 tremui-dimiono,
761 1425 821 1470 nec
843 1405 1043 1470 auditorium
1067 1425 1197 1488 semper
1219 1403 1365 1486 plenum,
1381 1436 1413 1473 20

17 1545 25 1563 r
75 1527 129 1578 r*
163 1537 296 1599 semper
319 1537 451 1596 novum,
467 1537 518 1614 331
542 1519 661 1584 invidis
682 1527 716 1582 et
735 1517 932 1592 faventibus,
955 1527 992 1582 ut
1013 1535 1073 1581 nec
1095 1518 1180 1582 bene
1201 1538 1258 1580 nec
1277 1536 1368 1606 secus
1387 1499 1471 1584 18·ss

200 1651 236 1701 16.
250 1653 342 1718 populi
351 1663 417 1704 most
427 1654 509 1715 codd,
515 1656 608 1720 populi
616 1661 640 1705 et
651 1655 715 1717 EV,
748 1670 838 1719 exque
854 1653 954 1704 Meiser.
1038 1655 1076 1704 18.
1093 1655 1201 1718 optimus
1211 1653 1254 1703 ille
1265 1653 1366 1718 quidm

163 1719 297 1779 Baehrens,
304 1718 412 1786 optimus
420 1720 524 1785 quisque
533 1721 632 1773 Meiser.
707 1734 746 1770 1ο.
759 1720 865 1769 rudibus
875 1721 901 1769 P.
911 1720 1000 1779 Faber,
1009 1719 1112 1768 sudibus
1120 1719 1192 1770 codd.
1216 1735 1260 1768 nec
1268 1719 1366 1779 Schele,

164 1783 208 1833 sed
216 1783 288 1833 codd.
323 1799 342 1832 s.
350 1785 455 1848 plenum
464 1801 482 1834 s.
490 1802 583 1835 novum
595 1787 630 1836 all
642 1787 716 1836 codd.
730 1794 817 1849 except
828 1787 849 1835 C
871 1787 901 1847 (s.
914 1801 1007 1834 novum
1019 1801 1038 1834 s.
1047 1787 1174 1849 plenum).
1241 1799 1279 1834 11.
1299 1783 1365 1832 maia·

164 1855 219 1898 tum
231 1864 263 1898 ex
273 1849 408 1899 Andresen.
453 1851 591 1902 breviterC
610 1851 747 1915 (sorbent).
781 1867 824 1900 nec
840 1867 907 1900 secus
917 1849 1039 1915 Schopen,
1052 1866 1096 1899 nec
1109 1852 1173 1899 male
1184 1850 1301 1900 Pithoeus
1312 1851 1367 1913 (nec

165 1915 229 1963 male
240 1931 284 1963 nec
295 1914 352 1963 benc
363 1915 492 1980 Agricola,
504 1915 616 1983 Novak),
628 1933 671 1966 nec
682 1918 769 1966 minus
779 1917 837 1966 bena
848 1917 984 1977 Andresen,
996 1931 1039 1966 nec
1043 1924 1140 1981 pamm
1152 1915 1208 1966 benc
1219 1917 1294 1980 John.

164 2020 315 2072 contradicit
334 2028 408 2086 atque
426 2023 462 2073 ita
481 2039 570 2076 causae
585 2041 644 2075 suae
658 2031 740 2085 nocet,
825 2027 915 2082 ipsius
995 2026 1121 2081 aoniam:
1143 2023 1324 2088 opportunities
1341 2022 1372 2072 oi

165 2087 197 2137 G.
210 2087 260 2135 and
272 2087 305 2136 G.
340 2086 398 2137 Seu.
410 2089 441 2137 de
454 2091 512 2140 Ben.
529 2091 561 2139 vi.
574 2091 598 2150 8,
615 2106 631 2154 4
647 2090 741 2139 Adver-
794 2090 917 2153 (observin
937 2090 947 2149 )
960 2089 1002 2138 the
1013 2097 1083 2152 great
1095 2089 1213 2152 diversity
1223 2089 1252 2138 of
1260 2097 1323 2140 taste
1335 2103 1368 2137 on

165 2153 244 2202 sarius
255 2167 325 2201 meus
333 2151 394 2202 dum
402 2156 523 2205 contraria
531 2156 592 2205 dicit
601 2163 625 2206 et
633 2157 742 2206 iudicem
792 2155 834 2204 the
840 2161 895 2218 part
902 2105 978 2205 oithe
984 2152 1117 2204 audience.’
1134 2154 1367 2218 Forthegenitives,

165 2217 282 2282 superbia
321 2218 424 2268 offendit
442 2258 448 2270 .
468 2260 474 2273 .
496 2237 620 2271 .causam
658 2237 742 2271 meam
793 2221 889 2269 seeD‘.
903 2225 915 2278 5
928 2229 968 2283 75.

166 2283 250 2332 erexit.
294 2282 345 2332 For
363 2287 506 2336 contrarius
525 2288 550 2336 iu
570 2287 613 2338 the
630 2303 698 2338 sense
715 2286 745 2336 oi
829 2286 865 2334 18.
884 2287 1078 2334 electissimus.
1123 2284 1226 2334 Tacitus
1253 2285 1299 2333 has
1325 2283 1368 2334 the

166 2348 260 2398 noxius
271 2363 300 2397 or
309 2349 449 2411 damnosus,
462 2368 502 2416 cp.
516 2353 555 2403 ³5.
570 2367 609 2414 12,
622 2355 661 2404 89.
677 2367 715 2402 10.
793 2349 942 2415 superlative
954 2349 1014 2414 only
1021 2349 1086 2398 here.
1114 2349 1207 2398 Novak
1214 2349 1300 2398 would
1309 2349 1369 2398 read

200 2429 258 2471 quo
274 2417 377 2464 minua.
417 2417 481 2467 This
497 2418 580 2469 clause
596 2419 617 2468 is
633 2417 742 2469 remark·
794 2413 973 2475 ‘lectissimus'
1000 2414 1146 2478 comparing
1174 2415 1258 2464 Germ.
1285 2415 1317 2464 vi.
1343 2415 1367 2475 8,

166 2479 233 2537 able,
245 2479 269 2526 in
282 2478 324 2528 the
336 2480 388 2530 first
399 2481 477 2546 place,
488 2499 558 2533 asan
574 2484 699 2534 extension
716 2483 746 2532 oi
793 2483 878 2546 Agric.
891 2481 959 2532 xviii.
971 2493 1009 2528 11.

167 2544 211 2593 the
228 2543 284 2594 idea
301 2547 433 2596 contained
448 2548 474 2598 iu
492 2549 602 2614 impune,
621 2550 669 2598 and
687 2549 742 2598 also
825 2551 928 2596 faciem
940 2582 947 2595 .
959 2584 965 2597 .
979 2583 985 2596 .
1001 2548 1171 2604 imaginem:
1191 2545 1325 2608 eloquence
1342 2544 1369 2594 in

166 2609 205 2659 sor
217 2609 259 2659 the
270 2613 427 2674 exceptional
438 2630 481 2664 use
493 2615 521 2663 ol
533 2631 581 2680 quo
592 2616 679 2677 atinus
692 2617 742 2680 (cp.
793 2613 837 2662 her
854 2622 907 2661 true
924 2611 1030 2661 features
1046 2627 1075 2660 or
1091 2610 1178 2674 bodily
1189 2625 1310 2672 presence,
1324 2617 1369 2660 not

167 2677 236 2725 0113.
250 2674 290 2739 15)
305 2675 344 2724 sor
354 2678 426 2742 quin,
439 2681 503 2744 quin
514 2696 578 2729 eunt.
794 2694 886 2728 amere
902 2693 967 2742 copy
978 2692 1007 2726 or
1023 2675 1151 2741 phantom.
1187 2676 1233 2739 Cp.
1246 2676 1332 2738 Quint.
1344 2691 1368 2724 x.

200 2748 330 2797 respuat:
347 2759 387 2807 cp.
400 2744 484 2806 Quint.
496 2745 528 2793 vi.
541 2760 564 2808 4,
580 2758 616 2808 19.
795 2759 818 2804 1,
833 2757 859 2792 11
874 2743 937 2792 adde
949 2742 1016 2807 quod
1025 2741 1146 2806 quidquid
1154 2741 1225 2789 alteri
1234 2741 1314 2790 simile
1322 2746 1369 2800 est,

203 2809 544 2868 11.ip31„,⁸dv00⁸t1‚
575 2809 659 2859 ‘one's
686 2826 742 2859 own
793 2823 891 2858 necesse
902 2815 939 2857 est
950 2807 1031 2856 minus
1043 2808 1075 2856 sit
1086 2822 1116 2855 eo
1127 2805 1194 2870 qnod
1211 2807 1330 2866 imitatur,
1341 2813 1369 2856 nt

167 2870 331 2935 supponera'
364 2875 426 2922 This
444 2875 465 2923 is
481 2875 523 2924 the
541 2875 611 2924 older
626 2875 743 2938 meaning
793 2875 881 2923 umbra
900 2887 1003 2936 corpore
1024 2879 1048 2922 et
1068 2872 1152 2935 imago
1172 2871 1235 2919 facie
1253 2877 1279 2921 et
1299 2877 1370 2921 actus

168 2937 198 2985 os
206 2936 248 2985 the
259 2938 336 2998 word,
349 2955 377 2989 as
392 2941 417 2989 in
430 2940 528 3000 Cicero,
541 2941 597 2989 who
612 2957 666 2990 uses
682 2942 702 2989 it
717 2941 747 2989 oi
793 2938 940 2988 histrionum
951 2937 1016 2987 veris
1027 2936 1172 2986 adfectibus.
1195 2935 1229 2985 So
1239 2936 1271 2986 ib.
1282 2939 1326 2997 5.§
1339 2945 1368 3000 17

167 3002 240 3052 those
262 3003 320 3052 who
343 3003 395 3054 lent
417 3005 482 3054 their
502 3015 668 3055 countenance
694 3006 744 3053 and
793 3004 893 3052 insalsa
901 3019 982 3052 rerum
991 3002 1099 3066 imagine
1109 3002 1214 3051 detineri
1222 3010 1247 3051 et
1255 3001 1370 3050 inanibus

201 3067 283 3116 rsonal
295 3079 399 3134 support
410 3078 437 3119 to
448 3088 463 3120 a
475 3071 560 3130 idend,
573 3071 707 3136 especially
718 3071 744 3119 in
793 3068 932 3146 simplacris
943 3105 950 3118 .
1001 3068 1216 3145 adsuescere-oi
1228 3067 1271 3144 the
1287 3067 1370 3116 decla-

168 3132 744 3265 eti...¹i²l55?at⁸,·.t‘tt.t.3itast
793 3132 1217 3262 cu11⁵a1l12..¹.¹3:.uss
1238 3131 1371 3248 {tiballi

168 3271 234 3312 note.
257 3265 293 3328 By
301 3266 440 3328 Quintilian
450 3268 581 3316 mactus
590 3268 610 3316 is
618 3266 727 3331 generali
794 3266 885 3314 shams.

168 3339 230 3388 used
242 3347 280 3398 (as
292 3337 316 3384 1.
329 3347 342 3396 5
354 3333 447 3394 above)
463 3348 490 3382 as
501 3348 667 3396 synonymous
682 3283 745 3380 will
829 3344 867 3379 1ο.
884 3332 968 3390 ferro,
979 3344 1037 3378 non
1045 3332 1171 3390 rudibus,
1182 3329 1259 3378 ‘with
1268 3327 1368 3387 swords,

171 3409 255 3454 ‘actor
270 3397 375 3458 causae,’
391 3396 561 3458 'causidicus'
577 3395 743 3462 ‘patronusz’
794 3403 838 3445 not
857 3395 960 3444 wooden
981 3393 1054 3444 soils!
1095 3395 1150 3444 The
1170 3394 1243 3443 rudis
1260 3410 1312 3442 was
1328 3395 1371 3443 the

170 3486 194 3519 x.
209 3484 232 3529 1,
247 3481 308 3526 111;
325 3466 403 3523 xii.1,
418 3478 457 3526 15.
795 3461 899 3510 wooden
937 3460 982 3509 soil
1017 3461 1079 3510 with
1116 3461 1198 3509 which
1233 3459 1371 3523 gladiatore

205 3547 242 3596 15.
260 3538 289 3581 st
305 3533 400 3581 causis
416 3535 445 3578 at
462 3531 585 3578 iudiciis.
619 3527 675 3576 The
695 3527 743 3576 dis·
795 3525 933 3590 practised:
952 3525 1005 3573 Liv.
1015 3526 1080 3575 xxvi.
1094 3537 1134 3587 51,
1145 3541 1167 3586 4.
1189 3526 1238 3574 For
1249 3541 1264 3573 a
1275 3523 1372 3572 similar

169 3601 274 3650 tinction
285 3612 364 3646 seems
375 3603 402 3644 to
417 3594 566 3658 correspond
581 3601 608 3642 to
624 3593 679 3642 that
692 3593 745 3641 laid
794 3591 881 3654 figure,
893 3607 931 3655 cp.
944 3591 997 3640 Cic.
1014 3591 1046 3640 de
1061 3591 1121 3654 Opt.
1137 3591 1200 3640 Gen.
1219 3590 1289 3639 Orat.
1309 3595 1321 3648 ᾗ
1340 3599 1369 3652 17

170 3667 244 3714 down
256 3665 281 3713 in
292 3663 357 3711 ‘sive
369 3661 394 3708 in
406 3658 512 3719 iudiciis,
524 3661 575 3709 sive
586 3660 611 3707 in
623 3659 744 3707 contioni·
795 3672 845 3706 non
865 3657 931 3707 enirn
952 3656 977 3704 in
995 3657 1048 3705 acie
1065 3663 1176 3704 versatur
1193 3663 1218 3705 et
1238 3655 1308 3713 ferro,
1328 3654 1372 3703 sed

170 3729 234 3789 bus,’
256 3730 306 3778 line
328 3725 352 3786 6,
376 3726 469 3775 above:
495 3740 533 3788 ep.
556 3724 617 3772 ‘iori
637 3724 744 3782 auditor,
795 3722 866 3786 qnasi
876 3721 978 3770 rudibus
989 3721 1042 3770 eius
1053 3720 1132 3770 eludit
1141 3721 1237 3770 oratio:
1256 3721 1311 3770 Scn.
1322 3720 1370 3783 Ep.

169 3803 277 3846 sectator
283 3791 447 3848 iudiciorum,'
455 3787 550 3850 linea6,
555 3789 644 3838 below.
656 3789 745 3840 Cicero
797 3797 853 3851 117,
865 3800 894 3848 15
905 3802 1004 3836 remove
1013 3786 1061 3835 ista
1069 3785 1162 3834 lusoria
1170 3802 1248 3846 arma,
1260 3787 1371 3834 decreto·

169 3859 238 3910 osten
257 3874 313 3909 uses
332 3857 375 3906 the
396 3856 479 3904 words
500 3855 622 3919 together,
639 3855 745 3904 without
795 3853 838 3902 riis
853 3867 915 3917 opus
929 3859 981 3900 est:
1003 3851 1087 3914 Quint
1100 3867 1123 3900 x.
1137 3864 1161 3912 5,
1176 3864 1221 3900 ao:
1239 3852 1288 3899 and
1302 3850 1335 3898 id.
1348 3865 1372 3900 v.

170 3942 219 3989 any
228 3939 328 3989 express
339 3921 482 3970 antithesis:
501 3922 566 3969 Brut
579 3925 591 3980 ς
605 3933 650 3983 105
660 3920 745 3970 Carbo
799 3932 838 3978 11,
852 3929 881 3982 17
895 3917 1089 3966 declamationes
1104 3917 1195 3980 qnibns
1211 3917 1245 3964 ad
1261 3931 1372 3980 pugnam

171 3992 248 4040 estin
264 3989 349 4038 multis
364 3987 462 4036 iudiciis
477 3985 605 4050 causisque
622 3986 744 4048 cognitus,
796 3983 918 4034 sorensem
934 3981 1002 4033 velut
1021 3981 1166 4046 praepilatis
1183 3982 1289 4032 exerceri
1306 3981 1372 4030 sole·

170 4057 196 4106 in
215 4057 288 4105 Caec.
311 4054 368 4102 Div.
389 4057 401 4110 ᾗ
423 4065 432 4098 1
452 4052 478 4100 in
499 4052 578 4101 causis
600 4050 746 4114 iudiciisque
795 4049 890 4098 bamus

172 4122 288 4187 publicis.
298 4121 331 4169 ib.
343 4123 373 4179 §5
386 4131 425 4180 15,
436 4129 481 4179 73:
495 4132 534 4180 cp.
541 4117 584 4167 01.
596 4114 648 4180 §69
657 4117 682 4163 in
691 4115 745 4164 soro
831 4129 869 4166 11.
889 4129 1000 4173 semper
1013 4127 1130 4172 novum,
1144 4115 1214 4161 ‘ever
1229 4109 1371 4174 changing,'

171 4187 302 4251 causisque
313 4185 427 4234 civilibus
443 4182 484 4247 (oi
493 4179 680 4231 ‘deliberative’
696 4180 746 4230 and
796 4180 842 4230 i.e.
863 4181 905 4230 the
928 4180 1047 4228 andienoe
1068 4193 1119 4226 was
1141 4192 1216 4225 never
1235 4176 1277 4224 the
1296 4191 1372 4225 same.

173 4244 744 4314 ‘sorensic‘oratory,excludiug‘epideictic')‚
798 4241 1372 4355 Gudemnnunneccessarilyproposestoreject

172 4317 206 4368 ib.
220 4322 232 4377 5
248 4327 293 4380 107
306 4316 332 4365 in
343 4315 425 4366 causis
434 4313 544 4378 foroque,
555 4313 586 4363 de
596 4313 639 4362 Or.
651 4311 668 4362 i.
682 4317 695 4370 5
705 4321 744 4375 77,
796 4311 867 4360 these
874 4310 955 4359 words
963 4325 990 4358 as
999 4325 1030 4357 an
1040 4308 1137 4371 interpp
1148 4307 1229 4356 atlon:
1243 4321 1281 4370 cp.
1291 4305 1373 4354 below

171 4384 221 4443 iis
234 4398 274 4445 42.
303 4382 369 4447 John
378 4378 603 4430 hereunderstands
613 4376 708 4427 iudicia
719 4376 749 4425 of
799 4375 1054 4426 ‘nonnoriindicum
1065 4371 1164 4422 vultus!

172 4448 287 4501 criminal
304 4449 383 4509 trials,
404 4459 492 4496 ramae
514 4445 543 4494 oi
562 4443 621 4495 civil
642 4443 743 4494 actions.
830 4443 985 4491 exinvldis
996 4445 1025 4490 et
1036 4441 1208 4499 faventibus,
1223 4435 1373 4501 ‘composed
