3224 5080
229 327 270 393 72
625 307 857 371 cornuali
878 309 1042 372 ruem

182 511 212 560 15
228 505 328 550 ausus
349 494 407 557 est,
421 483 451 552 ,si
470 483 509 546 iis
530 459 738 565 comparetur
760 480 817 564 qui
840 488 957 562 postea
980 478 1119 556 fuerunt,
1142 498 1240 562 posse
1262 488 1434 544 oratorem

227 597 346 671 vocari,
371 614 574 678 quamquam
598 594 631 656 in
654 613 775 677 magna
801 601 895 675 parte
920 590 1079 655 librorum
1103 611 1236 655 suorum
1260 591 1335 675 plus
1355 591 1434 654 bilis

227 708 350 772 habeat
365 727 466 791 quam
485 696 663 790 sanguinis.
710 705 839 768 Primus
854 705 942 769 enim
961 711 1157 786 contempto
1178 703 1294 767 ordine
1309 723 1432 778 rerum,

228 820 351 886 omissa
371 817 536 883 modestia
554 837 594 882 ac
611 817 738 900 pudore
757 817 943 895 verborum,
964 817 1044 901 ipsis
1067 817 1169 881 etiam
1186 815 1307 929 quibps
1327 816 1437 914 utitur,

229 933 329 996 armis
354 896 592 1014 incompo‘iit'us
615 940 648 995 et
670 930 783 995 studio
807 929 943 994 feriendi
966 929 1161 1013 plerumque
1184 893 1434 1004 deiecth‘sir'ron

36 1043 80 1118 ¹0
111 1019 115 1076 Ῐ
183 1074 215 1108 20
229 1051 365 1128 pugnat,
382 1044 441 1107 sed
462 1031 597 1145 rixatur.
644 1041 811 1120 Ceterum,
827 1049 864 1105 ut
885 1041 966 1116 dixi,
982 1042 1199 1124 sequentibus
1219 1049 1435 1123 comparatus

225 1164 262 1218 ct
283 1156 443 1219 varietate
465 1155 657 1242 eruditionis
680 1163 713 1218 et
736 1154 848 1238 lepore
870 1153 1066 1218 urbanitatis
1088 1161 1122 1216 et
1145 1153 1290 1235 ipsarum
1313 1151 1434 1216 virium

229 1267 347 1330 robore
362 1266 502 1330 multum
519 1276 645 1331 ceteros
661 1274 803 1349 superat,
814 1286 956 1349 quorum
972 1266 1139 1356 neminem
1153 1264 1245 1347 Aper
1261 1264 1435 1327 nominare

230 1390 263 1444 et
278 1377 369 1444 velut
385 1380 418 1442 in
434 1379 539 1443 aciem
555 1379 694 1444 educere
709 1379 874 1474 sustinuit.
920 1378 996 1460 Ego
1011 1387 1124 1442 autem
1141 1376 1380 1459 exspectabam
1398 1386 1434 1440 ut

231 1492 381 1555 incusato
391 1489 512 1554 Asinio
528 1499 562 1554 et
580 1488 692 1555 Caelio
709 1501 743 1555 et
753 1490 857 1556 Calvo
872 1489 962 1555 aliud
979 1478 1074 1554 nobis
1090 1510 1210 1574 agmen
1227 1491 1436 1572 produceret,

187 1629 217 1678 25
231 1605 406 1686 pluresque
417 1601 470 1667 vel
487 1612 573 1667 certe
588 1603 731 1668 totidem
744 1603 938 1681 nominaret,
954 1623 998 1665 ex
1014 1603 1134 1686 quibus
1149 1602 1252 1666 alium
1270 1600 1434 1674 Ciceroni,

231 1716 332 1780 alium
359 1715 502 1791 Caesari,
536 1714 673 1798 singulis
704 1715 823 1778 deinde
853 1714 1002 1796 singulos
1032 1734 1288 1798 opponeremus.
1335 1713 1435 1776 Nunc

231 1828 432 1892 detrectasse
462 1827 658 1891 nominatim
688 1828 843 1911 antiquos
876 1837 1023 1892 oratores
1061 1835 1236 1891 contentus
1266 1826 1435 1890 neminem

231 1939 440 2023 sequentium
464 1937 600 2003 laudare
623 1953 731 2003 ausus
745 1949 797 2004 est
814 1939 876 2003 nisi
899 1939 932 2003 in
952 1939 1122 2022 publicum
1143 1949 1176 2003 et
1196 1939 1229 2001 in
1250 1957 1435 2014 commune,

266 2120 304 2170 15.
316 2114 386 2172 posse
396 2113 461 2156 most
473 2106 554 2165 codd.
561 2113 618 2171 post
627 2122 652 2156 sc
663 2108 695 2168 A,
705 2108 787 2172 podsc
799 2108 828 2159 B.
931 2107 969 2157 16.
986 2108 1044 2157 hilis
1053 2107 1190 2172 Wopkens,
1201 2107 1242 2157 vis
1255 2107 1328 2156 codd.
1341 2105 1437 2168 (others

232 2171 536 2236 viri,suci,caruir,&c.).
605 2184 642 2237 17.
655 2173 1146 2237 contemptoABEV„contcntoCADH.
1215 2171 1436 2237 19.studioEand

232 2239 297 2296 edd„
309 2239 402 2286 studiis
419 2239 491 2288 codd.
524 2237 629 2287 deiectus
646 2239 811 2300 ABEV2AH,
829 2239 940 2287 devectus
956 2240 1012 2298 DC,
1024 2239 1129 2288 detectm
1145 2239 1244 2303 Lipsius
1258 2238 1318 2302 (and
1333 2254 1364 2286 so
1381 2237 1436 2286 also

233 2303 328 2361 Heller,
342 2304 490 2368 Philologus
507 2303 534 2353 li.
546 2319 571 2368 p.
585 2304 651 2368 349).
753 2319 783 2366 23
807 2305 877 2354 velut
887 2311 952 2353 most
966 2304 1046 2360 codd..
1059 2303 1117 2353 vult
1127 2306 1150 2352 A
1167 2304 1217 2353 and
1236 2301 1392 2367 (originally)
1408 2303 1436 2350 B.

233 2383 271 2432 ²4
289 2369 401 2418 incusato
418 2369 529 2430 ΕΜΔ,
548 2369 577 2417 r'n
597 2372 690 2418 Curato
707 2369 739 2430 A,
757 2371 787 2418 r'n
803 2376 889 2418 curato
907 2370 941 2430 H,
959 2369 1075 2418 incurata
1092 2371 1147 2421 BD.
1249 2383 1288 2432 25·
1299 2369 1437 2433 plurisque

232 2434 598 2499 ABEV,.plerisqueDCAH.
687 2434 725 2482 26.
742 2437 821 2484 Nunc
832 2435 973 2492 Rhenanus,
985 2449 1036 2484 non
1047 2436 1121 2485 codd.
1210 2437 1250 2485 28.
1267 2435 1437 2483 incommune

232 2501 338 2561 ΑΒΔΗ,
351 2501 380 2548 in
391 2515 493 2549 comune
502 2501 558 2560 ED,
570 2500 600 2548 in
611 2516 682 2549 omne
693 2501 723 2550 C.

270 2640 307 2692 16.
324 2645 390 2699 plus
407 2644 483 2691 bilis.
517 2639 552 2690 So
573 2639 658 2704 Quint.
677 2657 701 2690 x.
721 2654 743 2698 1,
762 2650 808 2705 117
892 2646 1183 2707 plerumque=saeper
1201 2657 1242 2692 see
1253 2658 1286 2692 on
1298 2644 1321 2692 6.
1335 2641 1358 2690 8.

233 2723 293 2757 nam
313 2714 338 2756 et
357 2707 451 2770 ingenii
473 2707 609 2772 plurimum
632 2713 668 2756 est
690 2708 716 2756 in
736 2723 767 2756 eo
785 2717 810 2756 et
893 2710 1028 2768 deiectus,
1048 2723 1081 2758 sc.
1102 2707 1133 2757 de
1152 2708 1248 2772 gradu:
1271 2723 1310 2772 cp.
1329 2707 1384 2756 Cic.
1406 2707 1439 2756 de

234 2772 354 2822 acerbitas
364 2773 428 2821 mira
442 2779 467 2822 et
483 2773 610 2822 urbanitas
623 2780 648 2822 et
665 2772 754 2833 leryor,
766 2773 810 2822 sed
860 2772 909 2822 Off.
937 2787 948 2821 1
975 2778 987 2832 5
1010 2775 1041 2822 80
1070 2774 1264 2823 tumultuantem
1293 2773 1325 2822 de
1356 2773 1438 2836 gradu

233 2839 291 2903 plus
302 2838 431 2888 stomacho
440 2853 515 2902 quam
525 2838 631 2888 consilio
640 2838 715 2886 dedit.
737 2838 809 2888 Prae·
860 2838 932 2894 deici,
944 2844 972 2887 ut
983 2838 1082 2897 dicitur,
1094 2839 1177 2888 where
1187 2838 1290 2888 Holden
1299 2837 1385 2902 points
1392 2847 1439 2887 ont

234 2913 301 2953 terea
312 2911 339 2952 nt
352 2904 431 2952 amari
444 2904 516 2963 sales,
528 2903 564 2952 ita
574 2904 712 2968 frequenter
722 2903 810 2952 amari·
862 2904 915 2952 that
921 2903 1018 2966 gradus
1027 2905 1077 2968 (cp.
1089 2904 1119 2952 de
1128 2910 1203 2964 statu,
1215 2905 1258 2954 Or.
1270 2910 1283 2964 ξ
1294 2903 1353 2968 129)
1362 2904 1384 2952 is
1394 2903 1439 2952 the

234 2970 297 3018 tudo
308 2969 363 3033 ipsa
374 2969 479 3018 ridicula
489 2976 534 3018 est.
861 2977 963 3034 posture
975 2970 1004 3018 ol
1013 2985 1028 3018 a
1039 2985 1096 3017 man
1108 2969 1170 3019 with
1185 2969 1225 3019 his
1235 2970 1289 3033 legs
1300 2977 1372 3033 apart
1383 2986 1390 3018 ε
1408 2985 1438 3018 so

270 3047 309 3098 19.
327 3037 413 3082 armis
432 3036 652 3091 incompositus:
671 3034 812 3084 ‘awkward
861 3035 916 3084 that
927 3034 970 3083 the
981 3033 1057 3098 figure
1070 3037 1091 3084 is
1103 3034 1177 3084 taken
1188 3035 1253 3084 lrom
1264 3051 1280 3084 a
1292 3035 1438 3084 combatant

235 3100 296 3148 with
308 3099 350 3148 the
361 3097 494 3162 weapons,'
507 3102 554 3148 &c
580 3099 630 3147 For
641 3100 683 3148 the
693 3100 811 3160 ablative,
861 3099 920 3149 who
931 3099 997 3149 loses
1007 3101 1046 3148 his
1061 3099 1166 3150 balance
1181 3101 1290 3164 through
1308 3115 1439 3164 eagemess

235 3166 328 3214 editors
340 3171 415 3228 quote
424 3164 510 3227 Quint.
520 3165 552 3212 iv.
562 3165 812 3228 5,10incompositus
861 3172 889 3214 to
912 3165 987 3214 strike
1010 3165 1059 3214 and
1081 3167 1103 3214 is
1124 3166 1182 3215 thus
1209 3165 1321 3215 ‘thrown
1343 3165 1381 3214 off
1398 3166 1440 3214 his

235 3231 354 3279 moribus.
389 3229 445 3277 The
451 3228 630 3292 juxtaposition
640 3229 719 3290 osres,
728 3231 811 3292 verba,
861 3231 940 3295 guard
949 3228 972 3279 ':
990 3247 1029 3295 cp.
1042 3231 1126 3293 Quint.
1139 3231 1171 3278 iv.
1186 3245 1207 3292 2,
1222 3231 1253 3280 26
1269 3232 1295 3281 in
1311 3246 1439 3279 armorum

236 3296 285 3344 and
297 3295 471 3360 incompositus
482 3293 566 3342 would
580 3295 704 3358 naturally
716 3296 772 3344 lead
783 3312 812 3345 us
862 3297 958 3345 ratione
982 3298 1107 3360 antiquior
1130 3296 1233 3346 cavendi
1256 3311 1331 3360 quam
1358 3297 1439 3346 ictum

236 3369 263 3410 to
275 3368 362 3425 expect
374 3363 399 3409 in
410 3359 452 3410 the
470 3359 520 3409 last
537 3376 552 3408 a
569 3359 689 3410 reference
706 3367 733 3409 to
750 3376 812 3410 com·
862 3361 982 3410 inserendi
994 3377 1052 3410 cura
1063 3368 1107 3410 est.
1142 3362 1177 3410 So
1194 3363 1228 3410 ad
1239 3363 1293 3412 Art.
1305 3362 1355 3410 xvi.
1371 3374 1409 3425 15,
1423 3375 1438 3423 3

231 3427 332 3492 positio,
355 3425 380 3474 in
401 3432 496 3490 respect
520 3425 548 3473 of
567 3426 649 3475 which
670 3425 771 3475 Cassius
790 3429 812 3475 is
862 3426 925 3475 mihi
953 3427 1071 3476 videtur.
1093 3463 1099 3474 .
1121 3427 1254 3477 .deiectus
1280 3427 1312 3477 dc
1340 3428 1440 3491 gradu:

236 3490 355 3542 censured
372 3493 404 3554 by
416 3492 454 3540 M.
473 3490 583 3540 Seneca:
600 3491 693 3554 cp.21.
707 3502 744 3555 17,
761 3491 811 3540 and
863 3492 939 3542 Tusc.
952 3492 978 3542 ii.
993 3495 1005 3550 §
1020 3494 1051 3554 58
1063 3493 1094 3542 de
1109 3493 1239 3556 dignitatis
1255 3492 1335 3557 gradu
1350 3493 1439 3542 demo·

238 3558 325 3620 Quint.
347 3572 370 3606 x.
393 3569 415 3617 3,
437 3571 510 3620 pres
588 3557 663 3605 verba
750 3572 812 3606 com·
863 3558 932 3608 veri:
949 3557 1162 3621 proCaec.§42.

233 3623 333 3686 positio,
353 3636 365 3669 2
385 3627 450 3684 513,
473 3635 484 3669 1
508 3626 520 3680 §
540 3623 593 3670 118.
630 3623 677 3670 But
696 3621 717 3672 it
734 3637 812 3672 seems
895 3636 932 3672 20.
950 3626 1068 3682 rixatur,
1081 3622 1111 3672 ol
1120 3621 1274 3687 ‘brawling,'
1285 3639 1313 3672 as
1323 3623 1440 3688 opposed

240 3690 317 3736 better
328 3693 356 3735 to
368 3687 426 3737 talre
436 3687 610 3752 imomposr'tur
621 3688 647 3735 in
659 3687 701 3736 the
712 3686 812 3750 general
862 3692 890 3734 to
901 3686 1018 3737 scientific
1029 3687 1143 3752 fighting.
1178 3688 1263 3751 Quint.
1274 3689 1301 3738 ii.
1316 3703 1354 3750 12,
1369 3705 1381 3738 2
1395 3690 1440 3754 qui

239 3767 308 3802 sense
325 3752 354 3802 oi
367 3750 542 3812 ‘disordered’
559 3753 585 3800 in
602 3752 685 3802 which
701 3753 721 3801 it
737 3754 758 3802 is
769 3769 811 3816 ap·
863 3768 987 3802 armorum
998 3754 1089 3804 inscius
1106 3754 1131 3802 in
1148 3754 1228 3803 rixam
1239 3755 1305 3803 ruit:
1322 3755 1355 3804 vi.
1368 3770 1393 3818 4,
1405 3770 1440 3818 9:

238 3818 366 3883 propriate
381 3825 409 3867 to
425 3820 468 3869 the
485 3818 593 3880 military
614 3818 705 3882 figures
723 3819 749 3867 in
769 3819 812 3868 the
862 3817 894 3866 xi.
909 3831 930 3878 1,
945 3833 984 3882 29.
1422 3869 1424 3872 .

207 3888 208 3891 ’
239 3889 353 3933 context:
373 3883 504 3933 elsewhere
521 3883 547 3932 in
564 3883 668 3932 Tacitus
684 3885 726 3933 the
742 3883 812 3932 word
897 3897 937 3933 22.
954 3890 1071 3934 ceteros.
1105 3883 1187 3934 There
1207 3885 1228 3934 is
1244 3901 1259 3933 a
1277 3884 1354 3949 slight
1370 3884 1439 3934 awk-

239 3950 261 3997 is
283 3947 343 3997 used
366 3949 425 4013 only
448 3949 477 3998 oi
495 3949 538 3997 the
566 3949 709 3998 disordered
740 3965 811 4012 array
861 3951 986 3999 wardness
1012 3950 1038 3998 in
1061 3956 1155 4010 ceteros,
1179 3951 1241 4000 alter
1261 3951 1440 4014 sequentibus:

240 4014 270 4064 of
286 4030 317 4063 an
335 4030 411 4078 army,
433 4014 502 4064 Hist.
522 4014 548 4063 ii.
566 4027 607 4076 40,
628 4014 661 4072 6;
678 4013 712 4063 iii.
726 4016 766 4076 48,
781 4027 810 4075 3;
862 4015 985 4064 Baehrens
996 4015 1122 4080 proposed
1132 4015 1262 4077 ‘cunctos'
1272 4015 1352 4064 Halm
1364 4015 1441 4065 ‘eos'

239 4081 273 4128 iv.
284 4094 323 4142 34,
337 4092 375 4142 19.
409 4080 508 4130 Cassius
519 4079 563 4128 did
574 4086 618 4128 not
629 4079 703 4129 know
714 4079 772 4128 how
784 4088 811 4129 to
896 4093 935 4142 23.
953 4078 1194 4142 sustinuit=t¹rhq
1208 4081 1267 4130 ‘did
1282 4089 1326 4130 not
1338 4090 1441 4131 venture

239 4146 330 4196 handle
347 4146 386 4195 his
401 4161 537 4209 weapons:
553 4160 593 4208 cp.
610 4143 653 4194 the
669 4160 712 4194 use
729 4145 756 4194 oi
770 4146 811 4194 in·
864 4145 907 4206 to,'
921 4145 1012 4196 ‘could
1024 4152 1070 4195 not
1087 4146 1158 4209 bring
1174 4146 1278 4196 himself
1291 4144 1334 4196 to’
1347 4164 1354 4197 ι
1368 4147 1439 4196 Hist.

240 4211 425 4261 habilia-For
451 4225 526 4259 arma
551 4211 576 4258 in
600 4209 650 4259 this
674 4225 745 4260 sense
773 4227 812 4275 cp.
864 4211 881 4260 i.
895 4221 934 4274 37.
969 4211 1369 4274 ThisuseiscommoninOvid,
1382 4213 1440 4262 also

242 4277 326 4340 Quint.
340 4293 363 4325 x.
379 4291 401 4337 1,
413 4290 460 4338 303
477 4275 520 4324 xii.
535 4289 557 4338 5,
576 4288 598 4325 1.
631 4275 686 4324 The
703 4276 815 4340 military
865 4276 890 4325 in
903 4275 1050 4340 Quintilian.

240 4349 299 4390 tone
313 4343 342 4390 of
350 4342 392 4390 the
403 4357 506 4404 passage
518 4341 540 4389 is
551 4341 610 4404 kept
617 4356 652 4404 up
663 4341 689 4389 in
699 4341 728 4389 in
736 4342 813 4390 aciem
900 4344 937 4390 28.
955 4345 987 4389 in
997 4345 1145 4399 publicum
1157 4364 1180 4384 =
1197 4340 1223 4392 in
1234 4343 1383 4404 universum,
1396 4344 1440 4392 ‘in

239 4407 363 4466 deducere,
374 4406 423 4454 and
434 4421 523 4470 agmen
528 4406 672 4470 producere,
684 4406 772 4456 below.
865 4405 982 4471 general.'
1015 4409 1063 4473 Cp.
1087 4410 1153 4457 Ann.
1171 4409 1223 4458 xiii.
1243 4408 1281 4472 56,
1300 4425 1316 4471 4
1333 4407 1396 4460 haec
1411 4410 1439 4458 in
