3184 5086
244 340 278 404 tii
656 334 1025 400 INTRODUCTION.

280 511 379 577 13.17.
406 506 646 564 sollicitudinibus
659 512 688 562 et
703 507 789 562 curis.
826 506 886 563 Cic.
902 505 948 560 De
964 507 1031 561 Fin.
1049 524 1075 560 v.
1091 506 1105 574 §
1126 518 1173 576 57:
1194 523 1237 578 cp.
1254 505 1351 576 Quint.
1369 504 1452 558 Decl.

245 610 334 668 50,9;
354 599 426 653 Inst.
442 598 490 652 Or.
503 596 538 650 xi.
555 609 634 664 1,44.

263 686 377 811 ‚1436
403 683 573 739 enodationis
593 699 628 737 ac
644 682 828 737 litterarum:
854 697 886 737 so
906 679 1051 737 ‘doctrina
1066 691 1094 738 et
1112 680 1253 738 litterae’t
1269 698 1294 737 e.
1302 698 1328 751 g.
1352 679 1451 750 Quint.

242 775 279 812 xi.
296 770 318 822 1,
349 771 374 825 9.

281 843 357 899 15.1.
384 846 480 898 vetera
498 846 527 897 et
545 841 673 912 anlt'qua,
695 839 753 896 and
768 839 852 910 again
874 839 915 895 16.
934 854 987 910 32;
1013 839 1047 894 17
1061 839 1099 894 ad
1117 840 1166 896 fin.
1203 841 1242 896 So
1258 839 1349 894 Plaut.
1366 839 1452 892 Pers.

245 947 269 986 1.
283 945 308 999 2,
325 945 336 985 1
351 937 475 986 veterem
492 937 521 984 et
538 926 684 999 antiquum
702 937 866 998 quaestum:
896 928 967 983 Plin.
979 929 1053 982 Pan.
1068 928 1141 995 11,'4
1152 937 1263 984 veteres
1275 935 1303 982 et
1316 925 1452 995 antiquos

244 1017 411 1086 aemularis;
433 1015 490 1072 Cin
503 1015 581 1071 Plsil.
594 1031 621 1070 v.
633 1015 648 1083 §
663 1029 697 1083 47
710 1014 831 1070 maiores
849 1015 945 1082 nostri,
960 1025 1069 1072 veteres
1084 1015 1133 1084 illi,
1149 1014 1303 1070 admodum
1319 1011 1430 1083 antiqui
1442 1029 1451 1080 ;

245 1104 341 1177 Quint.
360 1105 438 1160 Decl.
457 1116 519 1173 235,
541 1118 573 1171 14
591 1113 672 1160 vetus
690 1111 718 1158 et
736 1103 859 1174 antiqua.

281 1192 360 1248 llad
370 1193 416 1248 fin.
425 1193 593 1262 coniungere
601 1196 628 1244 et
636 1189 774 1261 copulare.
801 1189 897 1260 Quint.
905 1191 983 1246 Decl.
992 1202 1035 1260 57,
1044 1191 1079 1245 26
1088 1188 1270 1246 coniunxistis
1280 1187 1452 1259 copulastis·

243 1297 317 1352 que:
336 1279 447 1350 cuein
456 1279 500 1333 De
510 1278 559 1334 Or.
568 1278 586 1333 i.
596 1278 611 1346 §
620 1292 672 1332 222
685 1276 763 1346 iungi
771 1277 967 1349 copulan'que;
984 1279 1032 1334 Or.
1044 1278 1058 1346 §
1071 1290 1139 1348 154;
1160 1277 1230 1333 Plin.
1238 1279 1294 1348 Ep.
1302 1275 1358 1332 viii.
1370 1290 1415 1344 20,
1425 1277 1451 1331 6.

282 1367 324 1423 18.
340 1382 363 1422 1.
379 1369 468 1439 fama
476 1367 637 1438 glom'aque.

282 1454 323 1510 18.
337 1468 361 1522 7.
378 1456 492 1527 fortius
502 1459 530 1507 et
540 1454 702 1508 autentus.

281 1542 324 1598 18.
336 1557 360 1611 9.
384 1542 502 1614 plenior
512 1547 540 1595 et
551 1541 680 1595 uberior:
701 1555 749 1596 see
760 1547 834 1594 note.

282 1628 323 1683 18.
340 1644 378 1698 19
397 1629 518 1699 inflatus
529 1634 557 1681 et
567 1633 688 1681 tumens.

283 1716 324 1771 19.
337 1731 362 1785 9.
380 1716 532 1787 imperitus
551 1720 580 1768 et
598 1716 688 1769 rudis.
726 1715 792 1771 Sen.
814 1715 870 1786 Ep.
893 1727 937 1783 72,
956 1729 975 1783 9
994 1715 1053 1770 and
1068 1715 1239 1782 elsewhere;
1259 1713 1356 1784 Quint.
1370 1714 1450 1768 Deel.

246 1804 308 1873 386,
324 1818 353 1858 11
369 1804 467 1858 rudem
477 1811 505 1857 et
518 1801 686 1872 imperitam.

283 1891 324 1945 19.
337 1905 380 1945 22.
406 1892 441 1944 vi
455 1896 482 1944 et
490 1892 636 1959 potestate.
672 1890 750 1943 Hr'st.
763 1888 790 1944 ii.
806 1903 849 1958 39,
866 1905 882 1944 2
898 1889 941 1945 vis
958 1907 992 1946 ac
1008 1899 1151 1961 potestas3
1171 1890 1207 1945 iii.
1225 1904 1265 1958 11,
1282 1901 1332 1959 153
1352 1889 1452 1959 Quint.

246 1978 324 2033 Deel.
343 1991 450 2046 301,·11
464 1976 492 2031 vi
512 1986 540 2032 et
559 1986 715 2047 potestate;
734 1978 806 2032 Inst.
829 1979 878 2033 Or.
903 1977 938 2032 xi.
959 1993 984 2048 3,
1005 1993 1041 2035 2:
1065 1996 1108 2050 cp.
1132 1979 1226 2034 Germ.
1245 1977 1301 2032 xlii.
1319 1979 1335 2033 8
1356 1977 1399 2032 vis
1421 1987 1450 2032 et

249 2064 383 2136 potentia.

282 2153 324 2208 20.
338 2153 363 2207 6.
388 2153 481 2206 nitore
491 2156 519 2205 et
530 2151 608 2206 cultu
620 2169 626 2206 :
647 2169 695 2206 see
707 2161 783 2207 note.
821 2154 888 2207 Add
899 2153 995 2223 Quint.
1007 2153 1043 2208 xi.
1059 2168 1082 2222 1,
1094 2155 1138 2221 48.

283 2239 326 2295 20.
342 2254 384 2295 ιο.
407 2242 518 2294 tristem
531 2245 559 2293 et
569 2240 720 2310 impexam.
749 2239 843 2309 Quint.
856 2240 934 2295 Decl.
944 2242 988 2310 67,
1001 2242 1036 2295 28
1049 2240 1151 2311 impexi
1165 2239 1350 2311 squalidique.

283 2327 326 2382 21.
340 2341 383 2396 32.
401 2328 492 2383 durus
503 2334 531 2382 et
540 2329 637 2382 sr'ceus.
674 2327 769 2398 Quint.
782 2327 817 2382 iv.
831 2342 857 2396 2,
870 2330 905 2395 46
918 2328 1018 2384 durum
1031 2329 1203 2400 aridumque.

284 2413 379 2471 2218.
407 2416 652 2470 visumetoculos.

283 2502 326 2558 22.
339 2515 382 2573 25.
407 2520 465 2557 uno
476 2509 504 2556 et
514 2503 616 2556 eadem.
653 2502 749 2572 Quint.
761 2502 806 2557 xii.
822 2517 862 2572 10,
876 2515 907 2574 51
922 2520 1009 2558 unum
1022 2514 1108 2576 atque
1121 2503 1203 2560 idem.

283 2590 326 2645 23.
340 2602 383 2660 25.
408 2591 578 2662 malignitas
592 2596 622 2646 et
639 2589 771 2644 inm'dia:
791 2607 834 2660 cp.
854 2609 911 2646 non
932 2590 1105 2661 malignitate
1124 2608 1177 2647 nec
1200 2588 1315 2658 invidia,
1333 2590 1377 2646 25.
1396 2591 1453 2658 28;

251 2681 368 2746 Seneca,
381 2680 426 2733 De
436 2680 488 2734 Ira
501 2678 539 2733 iii.
555 2689 577 2747 5,
592 2679 617 2744 8,
630 2678 687 2732 and
700 2679 756 2748 Ep·
772 2679 831 2747 106,
844 2679 869 2734 6.

284 2766 327 2822 25.
342 2767 385 2822 26.
412 2767 543 2821 inuidere
553 2772 580 2820 et
591 2766 687 2820 liuere.

283 2854 326 2909 25.
340 2855 382 2909 28.
407 2855 575 2924 simpliciter
602 2859 630 2907 et
656 2854 786 2925 ingenue.
831 2851 928 2921 Quint.
951 2851 996 2908 xii.
1021 2867 1062 2920 11,
1083 2856 1100 2910 8
1119 2852 1241 2910 candide
1260 2891 1267 2908 .
1285 2893 1294 2908 .
1312 2894 1319 2909 .
1339 2892 1346 2909 .
1364 2863 1455 2924 atque

250 2941 421 3012 simpliciter.

284 3028 327 3082 26.
341 3042 366 3082 2.
393 3029 498 3098 optimo
510 3032 538 3080 et
543 3028 747 3098 perfectissimo
755 3043 859 3098 genere
872 3044 878 3082 :
899 3045 942 3097 cp.
957 3027 999 3082 34.
1012 3029 1043 3082 18
1055 3031 1181 3099 optentus
1192 3034 1220 3083 et
1230 3029 1423 3084 electissimus.

286 3115 329 3169 26.
345 3115 384 3170 18.
416 3115 551 3168 modestia
563 3115 713 3184 acpudore
726 3133 731 3170 :
750 3131 795 3184 cp.
807 3115 886 3170 Anu.
900 3114 938 3170 iii.
951 3115 994 3183 26,
1007 3116 1032 3170 6.

284 3203 326 3258 26.
341 3203 383 3257 28.
410 3202 443 3256 in
447 3202 594 3272 publicum
606 3203 677 3255 etin
689 3219 840 3256 commune.

284 3289 328 3345 26.
340 3304 382 3358 33.
401 3289 711 3360 fractaetdeminuta.

284 3377 328 3432 28.
344 3379 384 3433 16.
399 3377 529 3449 probatis
539 3379 732 3447 spectatisque.
771 3377 830 3432 Cic.
842 3378 888 3432 De
902 3378 950 3433 Or.
966 3392 978 3433 1
994 3378 1082 3446 §124

284 3465 328 3520 28.
340 3481 381 3534 19.
406 3466 504 3520 studia
516 3481 661 3534 curasque.
700 3463 795 3534 Quint.
806 3483 832 3519 x.
845 3478 870 3531 7,
884 3480 919 3534 29
930 3481 996 3520 cura
1008 3475 1036 3521 et
1048 3465 1150 3521 studio.

284 3554 366 3623 294
385 3555 509 3624 propria
527 3558 556 3608 et
569 3553 745 3624 peculiaria:
766 3568 810 3622 cp.
824 3553 899 3609 Suet.
911 3555 1017 3624 Augus
1031 3572 1039 3620 ς
1060 3554 1131 3610 Plin.
1143 3550 1255 3625 Pansa

286 3641 328 3697 30.
342 3656 385 3697 22.
411 3658 507 3696 rerum
521 3646 614 3695 motus
625 3657 786 3710 causasque.

287 3729 328 3784 30.
344 3742 386 3797 24.
413 3730 541 3783 exundat
551 3735 579 3783 et
589 3728 731 3782 exuberat.

287 3815 330 3872 30.
344 3828 387 3886 25.
415 3818 538 3871 oratorii
549 3817 595 3869 vis
607 3822 634 3870 et
636 3815 785 3886 facultas:
805 3831 853 3871 see
865 3825 940 3872 note.

288 3904 330 3958 30.
344 3905 388 3959 26.
416 3906 548 3975 angustis
558 3909 587 3957 et
597 3902 727 3957 brevibus
738 3905 886 3958 leminis:
906 3919 953 3959 see
965 3913 1038 3960 note.

288 3990 331 4046 32.
349 3992 375 4047 6.
402 3993 506 4046 eminet
516 3997 544 4044 et
554 3989 672 4044 excellet.

287 4077 385 4146 3214
407 4078 496 4150 foeda
508 4076 683 4149 aepudenda
695 4079 778 4133 vitia.

287 4166 330 4220 32.
344 4181 387 4223 20.
412 4167 578 4222 circumcisa
590 4171 619 4221 et
629 4168 780 4236 amputata
794 4182 801 4220 :
821 4182 869 4221 see
881 4175 957 4221 note.

287 4253 329 4309 32.
343 4269 386 4310 22.
407 4256 537 4325 primam
549 4259 577 4308 et
582 4255 786 4324 praecipuam:
807 4271 854 4310 see
866 4265 940 4310 note.

286 4341 329 4398 32.
343 4343 385 4398 28.
411 4361 511 4399 causae
522 4359 643 4414 magnae
654 4347 803 4414 etgraves.

286 4429 328 4485 33.
342 4444 368 4500 9.
395 4431 561 4500 confirmare
573 4436 600 4484 et
612 4429 696 4484 alere.
733 4428 829 4500 Quint.
842 4429 860 4483 i.
873 4443 896 4496 1,
905 4430 940 4498 36
953 4429 1078 4484 firmatur
1089 4440 1175 4501 atque
1186 4429 1276 4485 alitur.
