3224 5080
445 334 683 398 DIALOGUS
702 332 771 394 DE
792 333 879 396 ΘΚΑ
887 333 1097 398 TORIBUS.
1331 345 1373 416 95

172 505 211 582 C.
236 503 435 577 Carbonem,
461 526 527 569 uno
554 515 588 569 et
613 505 793 570 vicensimo
816 504 939 571 Caesar
962 502 1184 579 Dolabellam,
1207 501 1312 567 altero
1339 512 1374 568 et

170 619 358 685 vicensinro'
370 618 508 683 Asinius
530 617 634 682 Pollio
657 617 692 683 C.
711 609 884 695 Catonem,
898 637 964 720 non
986 616 1129 680 multum
1150 625 1261 680 aetate
1280 625 1374 680 ante·

171 731 292 794 cedens
309 729 431 794 Calvus
448 730 621 794 Vatinium
642 730 683 793 iis
703 725 906 794 orationibus
925 729 1064 795 insecuti
1083 737 1159 793 sunt
1174 748 1258 812 quas
1274 728 1374 794 hodie

171 863 306 926 quoque
321 863 396 906 cum
411 826 630 907 admiratione
648 842 799 926 legimus.
1149 913 1169 958 γ
1389 856 1421 908 35

217 959 278 1024 35.
312 955 359 1018 At
389 975 478 1019 nunc
513 953 753 1019 adulescentuli
790 955 892 1019 nostri
930 956 1139 1040 deducuntur
1175 955 1209 1018 in
1245 953 1374 1020 scholas
1411 951 1484 1008 us:
1517 973 1533 1045 *¹

173 1068 313 1132 istorum
325 1067 382 1151 qui
394 1066 542 1131 rhetores
550 1076 720 1144 vocantur,
731 1087 816 1149 quos
832 1067 932 1150 paulo
948 1077 1027 1132 ante
1040 1065 1208 1131 Ciceronis
1223 1076 1375 1148 tempora
1436 1043 1484 1077 ω’(
1519 1056 1524 1072 ’

173 1179 324 1246 extitisse
345 1199 406 1244 nec
428 1179 591 1262 placuisse
613 1180 793 1243 maioribus
816 1180 937 1244 nostris
960 1200 1003 1243 ex
1046 1200 1067 1242 o
1086 1179 1296 1244 manifestum
1316 1187 1374 1253 est,

174 1272 316 1374 qu0d2a'
334 1290 453 1355 Crasso
478 1300 512 1354 et
537 1290 690 1356 Domitio
720 1292 911 1356 censoribus
939 1199 1082 1367 clusere,
1106 1299 1143 1355 ut
1173 1290 1220 1354 ait
1250 1289 1375 1364 Cicero,

173 1401 310 1472 ludum
341 1402 618 1484 impudentiae
644 1403 722 1467 iussi
749 1412 834 1467 sunt.
880 1401 948 1468 Sed
971 1413 1008 1468 ut
1030 1403 1138 1466 dicere
1161 1402 1403 1477 institueram‚5

210 1536 250 1584 32.
267 1537 318 1570 uno
328 1527 353 1570 et
362 1521 435 1570 codd.
445 1538 450 1569 :
461 1523 542 1571 ¹terrio
552 1529 576 1570 et
586 1521 702 1572 Pichena.
763 1535 802 1586 34.
821 1521 855 1571 iis
866 1521 994 1581 ABan,
1004 1523 1032 1570 Is
1043 1523 1077 1580 D,
1087 1521 1127 1570 his
1136 1520 1193 1584 EV,
1204 1537 1210 1569 τ
1231 1536 1271 1570 see
1281 1520 1375 1569 Introd.

174 1603 201 1652 p.
210 1586 320 1636 lxxxviii.
349 1586 419 1636 hodie
430 1603 524 1651 quoque
532 1588 586 1646 AB,
599 1582 685 1647 Halm,
698 1587 798 1646 Miiller,
811 1586 964 1646 Helmreich,
975 1587 1092 1651 hodieque
1104 1586 1243 1646 Eueno,
1254 1585 1328 1636 hodie
1337 1586 1372 1634 H.

209 1656 254 1702 85.
273 1665 294 1700 1.
311 1651 404 1700 scholas
419 1653 526 1700 istorum
542 1653 638 1717 Haupt,
650 1653 706 1701 seui
720 1655 754 1718 (se
770 1653 799 1702 in
816 1653 906 1716 Ev,c,
923 1668 972 1701 sem
985 1654 1017 1710 D,
1028 1667 1124 1700 scenam
1136 1651 1157 1699 B
1168 1666 1239 1712 corr,
1251 1667 1323 1700 scena
1335 1652 1373 1715 H)

174 1717 375 1767 scholasticorum
385 1717 532 1766 ABanH
545 1718 736 1780 (scolasticorum
748 1718 837 1780 EV„),
850 1719 879 1768 in
891 1717 984 1766 scholas
998 1733 1083 1767 eorum
1095 1717 1186 1766 Novak
1200 1717 1268 1782 (who
1279 1731 1334 1778 says
1350 1716 1379 1765 oi
1393 1722 1395 1726 '

174 1784 219 1832 the
227 1782 281 1832 MS.
290 1781 400 1846 reading,
413 1782 443 1831 in
453 1783 509 1832 seni
517 1783 724 1845 scholasticorum,
741 1786 838 1832 ‘ortum
848 1784 946 1832 videtur
956 1799 970 1834 e
981 1781 1149 1846 dittographia
1162 1783 1222 1831 ime.
1234 1783 1264 1831 iu
1274 1782 1377 1832 scholas·

174 1845 318 1908 ticorum').
448 1862 472 1910 4.
489 1847 783 1905 aMichaelis,M.m0st
794 1849 877 1909 codd,
888 1850 977 1898 Marco
988 1848 1051 1910 HV,
1062 1848 1118 1899 edd.
1129 1853 1187 1897 vett.

176 1966 233 2069 pp.
250 1963 290 2018 77,
304 1953 337 2003 he
353 1953 499 2069 impeaplped
516 1955 654 2068 Doqabella
670 1955 748 2017 (Suet.
800 1971 815 2004 a
840 1955 946 2019 genuine
972 1955 1055 2005 form:
1082 1971 1106 2004 v.
1130 1955 1288 2019 Philologus,
1309 1955 1376 2005 xxvi.

177 2018 520 2148 guingnqqisoqesqdefiqirtgee:
531 2022 750 2150 ntiqu'ecigiauanriirarii
799 2038 824 2086 p·
833 2021 918 2136 tigo'r.
936 2089 977 2135 Ar
988 2101 1073 2136 nuno.
1098 2087 1163 2136 ‘But
1171 2086 1305 2148 uowadays
1313 2086 1376 2135 with

177 2150 303 2211 definiam,
319 2165 375 2198 cum
386 2187 410 2200 ..
425 2151 542 2212 .calvus,
553 2151 653 2216 Caesar,
667 2153 749 2201 Pollio
800 2167 837 2213 us,
852 2167 936 2216 young
951 2152 1025 2214 men,'
1042 2155 1088 2202 &c
1122 2151 1156 2202 So
1172 2155 1211 2202 29.
1230 2166 1240 2200 1
1259 2153 1296 2201 At
1311 2167 1377 2203 nunc

175 2216 284 2265 multum
295 2222 350 2265 ante
364 2216 529 2281 quaestoriam
543 2232 630 2266 omnes
644 2224 750 2267 aetatem
801 2224 874 2267 natus
886 2216 972 2266 infans.

176 2280 751 2359 gravissimaiudiciasusceperiut‚praetextat0s
837 2297 860 2332 a.
876 2286 1011 2338 rhetores,
1036 2280 1232 2346 disparagingly,
1259 2298 1297 2360 as·
1313 2297 1376 2366 quos
1443 2339 1445 2345 Ι

176 2363 217 2460 1⁶?
216 2347 568 2475 illelisilssffiilii’
577 2346 752 2463 {diuisi
801 2347 1377 2474 1ῑέ11153ἓῖἓὲ«1..έ”..ἓξ·..ἳὲῑῗ1ἐ

176 2477 319 2527 afterwards
330 2477 454 2540 regretted
468 2476 508 2526 his
523 2477 606 2527 attack
622 2494 654 2527 on
667 2478 752 2529 Carbo
802 2478 847 2529 Or.
859 2479 875 2527 i.
891 2482 920 2536 §5
934 2476 972 2537 86,
986 2479 1025 2540 87.

179 2542 242 2606 (Cic.
253 2544 279 2590 in
288 2542 358 2591 Verr.
367 2543 404 2592 iii.
416 2555 439 2601 r,
452 2541 478 2605 3)
492 2558 520 2592 as
530 2543 624 2608 having
635 2544 752 2593 involved
836 2558 860 2606 4.
877 2546 1109 2593 eluderaludum.
1127 2543 1214 2593 InCic
1223 2543 1255 2592 ad
1262 2543 1334 2593 Fam.
1342 2543 1376 2592 ix.

176 2607 231 2657 him
251 2609 277 2655 in
297 2623 313 2656 a
332 2616 470 2672 premature
493 2608 647 2671 declaration
665 2609 694 2658 ol
712 2608 752 2658 his
805 2609 843 2664 18,
854 2625 893 2658 we
903 2609 966 2657 have
979 2609 1087 2672 ‘aperire
1099 2607 1204 2658 ludum’

177 2672 292 2738 political
303 2673 426 2736 opinions.
836 2679 868 2723 ut
886 2677 927 2723 ait
944 2677 1060 2723 Cicero:
1084 2674 1116 2724 de
1135 2674 1179 2724 Or.
1197 2673 1232 2722 iii.
1252 2677 1311 2736 §94
1326 2672 1377 2722 hoe

212 2752 251 2801 33.
269 2741 362 2786 Pollio
385 2737 491 2798 accuserl
509 2737 540 2788 C.
560 2738 662 2789 Porcius
685 2739 751 2790 Cato
803 2755 860 2789 cum
872 2754 947 2788 unum
960 2739 1095 2788 traderetur
1106 2747 1131 2788 et
1142 2755 1198 2790 cum
1207 2739 1377 2802 impudentiae

178 2804 205 2853 in
222 2815 277 2852 nc.
298 2815 336 2864 54.
382 2803 425 2852 He
442 2819 493 2852 was
508 2803 570 2852 bom
590 2806 616 2853 in
635 2816 691 2854 lac.
711 2815 751 2868 75.
803 2805 877 2854 ludus
888 2805 1049 2868 esset,putari
1060 2820 1112 2855 esse
1121 2805 1230 2855 censoris
1237 2820 1269 2852 ne
1277 2804 1377 2868 longius

177 2871 229 2918 For
244 2872 357 2930 calm,
378 2884 419 2918 see
439 2884 471 2918 on
492 2869 532 2922 17.
551 2883 582 2931 4:
607 2873 751 2933 Vatinius,
803 2870 830 2919 id
863 2877 971 2934 serperet
1002 2871 1136 2935 providere.
1188 2871 1292 2921 Crassus
1316 2885 1377 2918 was

178 2937 218 2985 21.
230 2950 256 2999 9.
803 2951 897 2996 censor,
909 2936 985 2998 along
1001 2935 1062 2985 with
1078 2937 1123 2987 Cn.
1137 2936 1266 2985 Domitius
1278 2934 1379 2984 Aheno·
1396 2945 1404 2961 ·

211 3015 270 3048 non
281 3003 404 3049 multum
415 3004 506 3049 aetate
516 3004 694 3050 antecedens.
717 2999 752 3050 So
803 3001 902 3059 barhus,
921 3002 946 3049 in
964 3012 1020 3049 nc,
1038 3015 1079 3065 9²·
1120 3002 1170 3051 For
1186 3001 1251 3051 their
1267 3001 1332 3050 edict
1349 3000 1377 3050 de

178 3064 265 3128 Quint.
275 3081 300 3114 x.
313 3078 335 3126 1,
346 3078 392 3127 103
404 3066 507 3130 paulum
516 3072 595 3115 aetate
604 3066 753 3130 praecedens
803 3066 939 3129 coercendis
956 3065 1095 3116 rhetoribus
1109 3067 1220 3127 Latinis,
1234 3081 1273 3115 see
1290 3066 1377 3115 Sueto·

179 3146 250 3180 eum:
269 3131 322 3179 Cic
335 3131 405 3180 Brut.
423 3136 435 3189 ᾗ
452 3131 482 3178 82
499 3138 579 3182 aetate
596 3131 700 3195 paulum
717 3131 752 3182 eis
803 3133 867 3192 nius,
879 3131 976 3189 Rhet.§
992 3145 1002 3179 1
1017 3132 1182 3182 renuntiatum
1194 3141 1231 3182 est
1241 3133 1314 3181 nohis
1325 3145 1378 3180 esse

178 3195 332 3245 antecedens.
804 3197 916 3247 homines
938 3197 980 3261 qui
1005 3213 1098 3246 novum
1126 3213 1204 3262 genus
1231 3197 1379 3260 disciplinae

183 3261 251 3322 ’34.
270 3263 390 3310 inaoouti
407 3266 482 3310 sunt.
525 3262 575 3311 For
594 3261 645 3311 this
663 3277 706 3311 nse
727 3261 756 3311 of
803 3263 968 3318 instituerunt,
987 3262 1021 3311 ad
1040 3279 1102 3328 quos
1119 3263 1232 3312 iuventus
1248 3263 1274 3311 in
1290 3261 1377 3310 ludum

116 3391 117 3394 Ἴ
179 3325 281 3390 insequi
297 3324 411 3390 (διώκειν)
431 3342 469 3390 cp.
484 3326 550 3376 Hor.
569 3327 617 3390 Ep.
635 3327 661 3376 ii.
680 3343 701 3387 a,
722 3341 753 3390 19
804 3328 947 3384 conveniat;
975 3343 1019 3376 eos
1042 3329 1088 3378 sibi
1112 3343 1203 3377 nomen
1231 3327 1378 3392 imposuisse

86 3435 90 3446 ,
178 3390 318 3454 Insequeris
340 3397 423 3440 tamen
444 3393 512 3441 hune
534 3399 559 3442 et
581 3393 626 3441 lite
649 3393 754 3442 moraris
804 3393 908 3442 latinos
934 3392 1052 3452 rhetoras,
1075 3392 1112 3442 ibi
1139 3393 1253 3441 homines
1280 3391 1377 3440 adules-

177 3455 270 3520 iuiqua.
303 3455 431 3520 Similarly
442 3460 465 3509 4.
479 3471 508 3520 3:
528 3459 568 3508 21.
581 3457 621 3520 36.
804 3458 917 3508 centulos
929 3457 982 3506 dies
992 3465 1059 3507 totos
1070 3458 1188 3518 desidere,
1198 3461 1244 3507 &a
1267 3457 1377 3505 Momm·

211 3524 296 3570 hodie
333 3537 453 3580 quoque.
506 3523 576 3572 Most
607 3523 753 3573 authorities
803 3539 854 3584 sen,
868 3523 984 3573 Histiii.
998 3537 1086 3586 443-4.

179 3586 292 3636 consider
311 3587 360 3635 this
377 3595 404 3636 to
422 3589 453 3636 be
469 3587 511 3637 the
528 3595 623 3639 correct
641 3589 752 3652 reading,
810 3629 812 3632 .
838 3601 860 3650 5.
878 3594 911 3637 ut
927 3592 1021 3637 dicere
1038 3591 1226 3636 institueram.
1260 3587 1312 3636 For
1328 3585 1378 3635 this

178 3666 274 3716 quoque
290 3651 365 3716 being
380 3653 450 3714 used,
466 3669 494 3701 as
511 3652 584 3714 osten,
604 3654 642 3702 ior
659 3654 752 3704 etiam:
803 3653 912 3702 formula
939 3653 979 3702 lor
1008 3653 1133 3716 resuming
1163 3668 1194 3702 an
1225 3652 1377 3716 interrupted

179 3733 219 3766 see
239 3719 311 3766 0116.
333 3731 371 3781 19.
405 3718 461 3766 The
477 3718 542 3766 form
561 3719 680 3783 hodieque
695 3735 753 3783 may
803 3727 924 3779 sentence,
944 3718 1010 3782 John
1030 3734 1160 3782 compares
1180 3719 1232 3768 Cic.
1256 3718 1326 3767 Verr.
1349 3718 1376 3767 ii.

178 3782 241 3832 have
274 3782 383 3832 resulted
413 3783 476 3832 from
508 3800 524 3832 a
554 3784 752 3833 misunderstood
805 3783 996 3846 §qrand565z
1015 3784 1131 3846 iii.§r4:
1148 3783 1376 3848 proCaecin.§1.5.

179 3848 348 3898 contractiori:
367 3847 387 3897 it
398 3863 483 3898 occurs
495 3849 580 3898 Germ.
592 3849 628 3899 iii.
643 3863 670 3897 11
684 3849 752 3915 quod
803 3849 858 3898 The
875 3848 1012 3912 colloquial
1027 3848 1167 3914 equivaleut
1183 3865 1234 3898 was
1245 3852 1288 3898 ‘ut
1304 3850 1377 3914 coepi

178 3913 278 4026 indripa
297 3913 378 4026 Rhepi
392 3913 613 4029 1εἰῑιζῖιιιιΙιριίἰιεὲιὲιῐει
626 3914 751 3992 incolitur,
804 3915 914 3977 (occepi)
938 3914 1047 3963 dicere:’
1074 3915 1134 3991 Brix
1152 3930 1184 3963 on
1204 3914 1286 3964 Plaut.
1306 3914 1376 3963 Trin.

177 3995 221 4092 ll.
238 3979 552 4101 {titulusita
572 3979 752 4108 ..initi
804 3979 969 4108 iiiiii·
982 3979 1377 4108 {restrueretur

179 4108 317 4171 Quintilian
345 4124 367 4156 rc
393 4121 416 4168 r,
442 4125 481 4173 94,
508 4111 589 4159 where
617 4125 657 4158 see
685 4117 751 4160 note.
802 4117 951 4159 correctness
962 4109 991 4157 oi
1000 4109 1109 4174 Haupt's
1122 4109 1278 4159 emendation
1291 4111 1316 4158 in
1326 4109 1377 4160 line

178 4173 307 4236 Similarly
324 4180 350 4222 at
366 4175 407 4223 22.
423 4173 446 4235 6,
460 4176 481 4223 B
495 4175 545 4224 and
565 4175 592 4223 H
610 4176 672 4223 have
691 4175 752 4224 locos
805 4188 827 4234 1,
846 4175 1013 4223 ‘deducuntur
1031 4175 1056 4222 in
1075 4174 1173 4224 scholas
1190 4173 1306 4223 istorum’
1325 4175 1376 4239 (cp.

179 4253 226 4304 que
259 4239 297 4287 sor
326 4237 387 4288 locos
418 4255 520 4305 quoque,
548 4240 623 4290 while
650 4256 683 4289 on
709 4240 751 4288 the
802 4242 841 4288 81.
858 4239 901 4302 a):
921 4240 946 4287 in
964 4239 1006 4288 the
1023 4239 1078 4287 MS.
1091 4239 1193 4303 reading
1211 4239 1245 4302 (se
1261 4239 1298 4296 in,
1315 4254 1375 4298 sene,

179 4304 251 4353 other
272 4303 340 4353 hand
357 4310 401 4352 out
418 4307 447 4353 of
461 4306 577 4370 ipsosque,
601 4308 640 4356 21.
661 4319 702 4368 35,
723 4305 750 4354 H
800 4305 866 4365 seui)
878 4305 944 4367 John
956 4319 1008 4354 sees
1019 4321 1034 4352 a
1045 4303 1120 4368 ffloss,
1132 4308 1175 4353 ‘sn
1188 4305 1218 4352 in
1225 4303 1376 4364 scholaa'-

179 4370 228 4418 and
247 4368 290 4417 the
309 4369 378 4434 early
395 4369 453 4420 edd.
472 4371 544 4428 make
564 4371 628 4434 ipsu
649 4385 750 4435 quoque.
800 4385 832 4418 an
845 4370 981 4433 attempted
992 4369 1152 4434 explanation
1169 4370 1198 4418 oi
1210 4370 1253 4421 the
1269 4370 1376 4420 unintel-

178 4433 298 4496 Wdlfflin,
320 4435 442 4498 however,
461 4435 562 4501 regards
583 4436 701 4502 hoduque
723 4450 752 4486 as
800 4434 889 4500 ligible
902 4433 1172 4485 ‘inscholasticorum.‘
