<?xml version="1.0" encoding="UTF-8"?>
<!DOCTYPE html PUBLIC "-//W3C//DTD XHTML 1.0 Transitional//EN"
    "http://www.w3.org/TR/xhtml1/DTD/xhtml1-transitional.dtd">
<html xmlns="http://www.w3.org/1999/xhtml" xml:lang="en" lang="en">
 <head>
  <title>
</title>
<meta http-equiv="Content-Type" content="text/html;charset=utf-8" />
  <meta name='ocr-system' content='tesseract 3.04.00' />
  <meta name='ocr-capabilities' content='ocr_page ocr_carea ocr_par ocr_line ocrx_word'/>
</head>
<body>
  <div class='ocr_page' id='page_1' title='image "./corneliitacitid01petegoog_0161.png"; bbox 0 0 3224 5080; ppageno 0'>
   <div class='ocr_carea' id='block_1_1' title="bbox 239 323 1049 408">
    <p class='ocr_par' dir='ltr' id='par_1_1' title="bbox 239 323 1049 408">
     <span class='ocr_line' id='line_1_1' title="bbox 239 323 1049 408; baseline -0.002 -21"><span class='ocrx_word' id='word_1_1' title='bbox 239 323 281 408; x_wconf 85' lang='lat'><strong>58</strong></span> <span class='ocrx_word' id='word_1_2' title='bbox 631 324 864 387; x_wconf 72' lang='lat' dir='ltr'><strong>eorunm</strong></span> <span class='ocrx_word' id='word_1_3' title='bbox 886 325 938 386; x_wconf 77' lang='grc'><strong>11</strong></span> <span class='ocrx_word' id='word_1_4' title='bbox 947 325 1049 388; x_wconf 79' lang='lat' dir='ltr'><strong>crrr</strong></span> 
     </span>
    </p>
   </div>
   <div class='ocr_carea' id='block_1_2' title="bbox 192 495 1603 1257">
    <p class='ocr_par' dir='ltr' id='par_1_2' title="bbox 239 495 1504 692">
     <span class='ocr_line' id='line_1_2' title="bbox 239 495 1443 581; baseline -0.001 -20"><span class='ocrx_word' id='word_1_5' title='bbox 239 495 389 562; x_wconf 88' lang='lat' dir='ltr'><strong>redolent</strong></span> <span class='ocrx_word' id='word_1_6' title='bbox 404 495 637 580; x_wconf 88' lang='lat' dir='ltr'><strong>antiquitatem</strong></span> <span class='ocrx_word' id='word_1_7' title='bbox 651 518 659 576; x_wconf 93' lang='lat'>;</span> <span class='ocrx_word' id='word_1_8' title='bbox 681 517 741 561; x_wconf 91' lang='lat' dir='ltr'><strong>nec</strong></span> <span class='ocrx_word' id='word_1_9' title='bbox 756 515 958 580; x_wconf 89' lang='lat' dir='ltr'><strong>quemquam</strong></span> <span class='ocrx_word' id='word_1_10' title='bbox 971 498 1056 561; x_wconf 90' lang='lat' dir='ltr'><strong>adeo</strong></span> <span class='ocrx_word' id='word_1_11' title='bbox 1069 495 1289 579; x_wconf 90' lang='lat' dir='ltr'><strong>antiquarium</strong></span> <span class='ocrx_word' id='word_1_12' title='bbox 1306 505 1390 581; x_wconf 91' lang='lat' dir='ltr'><strong>puto</strong></span> <span class='ocrx_word' id='word_1_13' title='bbox 1404 503 1443 560; x_wconf 90' lang='lat' dir='ltr'><strong>ut</strong></span> 
     </span>
     <span class='ocr_line' id='line_1_3' title="bbox 240 608 1504 692; baseline -0.002 -18"><span class='ocrx_word' id='word_1_14' title='bbox 240 609 391 674; x_wconf 91' lang='lat' dir='ltr'><strong>Caelium</strong></span> <span class='ocrx_word' id='word_1_15' title='bbox 407 631 451 674; x_wconf 86' lang='lat' dir='ltr'><strong>ex</strong></span> <span class='ocrx_word' id='word_1_16' title='bbox 466 631 506 674; x_wconf 92' lang='lat' dir='ltr'><strong>ea</strong></span> <span class='ocrx_word' id='word_1_17' title='bbox 521 619 616 692; x_wconf 91' lang='lat' dir='ltr'><strong>parte</strong></span> <span class='ocrx_word' id='word_1_18' title='bbox 631 608 743 673; x_wconf 91' lang='lat' dir='ltr'><strong>laudet</strong></span> <span class='ocrx_word' id='word_1_19' title='bbox 758 629 825 692; x_wconf 93' lang='lat' dir='ltr'><strong>qua</strong></span> <span class='ocrx_word' id='word_1_20' title='bbox 840 610 994 692; x_wconf 89' lang='lat' dir='ltr'><strong>antiquus</strong></span> <span class='ocrx_word' id='word_1_21' title='bbox 1009 618 1068 673; x_wconf 89' lang='lat' dir='ltr'><strong>est.</strong></span> <span class='ocrx_word' id='word_1_22' title='bbox 1114 609 1345 674; x_wconf 86' lang='lat' dir='ltr'><strong>Concedamus</strong></span> <span class='ocrx_word' id='word_1_23' title='bbox 1361 629 1442 672; x_wconf 91' lang='lat' dir='ltr'><strong>sane</strong></span> <span class='ocrx_word' id='word_1_24' title='bbox 1500 659 1504 671; x_wconf 88' lang='lat'><strong>.</strong></span> 
     </span>
    </p>

    <p class='ocr_par' dir='ltr' id='par_1_3' title="bbox 192 686 1603 1257">
     <span class='ocr_line' id='line_1_4' title="bbox 192 686 1512 807; baseline -0.002 -21"><span class='ocrx_word' id='word_1_25' title='bbox 192 740 226 777; x_wconf 81' lang='lat'><strong>²0</strong></span> <span class='ocrx_word' id='word_1_26' title='bbox 241 720 277 788; x_wconf 90' lang='lat' dir='ltr'><strong>C.</strong></span> <span class='ocrx_word' id='word_1_27' title='bbox 288 721 420 786; x_wconf 83' lang='lat' dir='ltr'><strong>Caesari</strong></span> <span class='ocrx_word' id='word_1_28' title='bbox 435 731 473 786; x_wconf 91' lang='lat' dir='ltr'><strong>ut</strong></span> <span class='ocrx_word' id='word_1_29' title='bbox 487 730 623 807; x_wconf 90' lang='lat' dir='ltr'><strong>propter</strong></span> <span class='ocrx_word' id='word_1_30' title='bbox 634 686 1146 803; x_wconf 73' lang='lat' dir='ltr'><strong>magnitudinemh&#39;gitationum</strong></span> <span class='ocrx_word' id='word_1_31' title='bbox 1159 731 1193 785; x_wconf 92' lang='lat' dir='ltr'><strong>et</strong></span> <span class='ocrx_word' id='word_1_32' title='bbox 1205 721 1442 805; x_wconf 52' lang='lat' dir='ltr'><strong>occupationes</strong></span> <span class='ocrx_word' id='word_1_33' title='bbox 1474 706 1512 734; x_wconf 48' lang='lat'><em>⁹</em></span> 
     </span>
     <span class='ocr_line' id='line_1_5' title="bbox 238 833 1440 916; baseline -0.002 -19"><span class='ocrx_word' id='word_1_34' title='bbox 238 853 347 915; x_wconf 59' lang='lat' dir='ltr'><strong>r-erum</strong></span> <span class='ocrx_word' id='word_1_35' title='bbox 365 834 472 897; x_wconf 91' lang='lat' dir='ltr'><strong>minus</strong></span> <span class='ocrx_word' id='word_1_36' title='bbox 487 833 521 896; x_wconf 92' lang='lat' dir='ltr'><strong>in</strong></span> <span class='ocrx_word' id='word_1_37' title='bbox 536 833 724 916; x_wconf 81' lang='lat' dir='ltr'><strong>eloquentia</strong></span> <span class='ocrx_word' id='word_1_38' title='bbox 739 833 884 898; x_wconf 88' lang='lat' dir='ltr'><strong>effecerit</strong></span> <span class='ocrx_word' id='word_1_39' title='bbox 899 853 999 916; x_wconf 90' lang='lat' dir='ltr'><strong>quam</strong></span> <span class='ocrx_word' id='word_1_40' title='bbox 1021 833 1169 897; x_wconf 91' lang='lat' dir='ltr'><strong>divinum</strong></span> <span class='ocrx_word' id='word_1_41' title='bbox 1185 835 1254 896; x_wconf 91' lang='lat' dir='ltr'><strong>eius</strong></span> <span class='ocrx_word' id='word_1_42' title='bbox 1270 834 1440 916; x_wconf 87' lang='lat' dir='ltr'><strong>ingenium</strong></span> 
     </span>
     <span class='ocr_line' id='line_1_6' title="bbox 238 944 1479 1029; baseline -0.002 -19"><span class='ocrx_word' id='word_1_43' title='bbox 238 945 440 1029; x_wconf 89' lang='lat' dir='ltr'><strong>postulabat,</strong></span> <span class='ocrx_word' id='word_1_44' title='bbox 455 957 525 1011; x_wconf 88' lang='lat' dir='ltr'><strong>tam</strong></span> <span class='ocrx_word' id='word_1_45' title='bbox 549 944 680 1011; x_wconf 89' lang='lat' dir='ltr'><strong>hercule</strong></span> <span class='ocrx_word' id='word_1_46' title='bbox 702 966 804 1028; x_wconf 92' lang='lat' dir='ltr'><strong>quam</strong></span> <span class='ocrx_word' id='word_1_47' title='bbox 828 946 968 1010; x_wconf 92' lang='lat' dir='ltr'><strong>Brutum</strong></span> <span class='ocrx_word' id='word_1_48' title='bbox 991 945 1221 1029; x_wconf 89' lang='lat' dir='ltr'><strong>philosophiae</strong></span> <span class='ocrx_word' id='word_1_49' title='bbox 1242 967 1322 1010; x_wconf 90' lang='lat' dir='ltr'><strong>suae</strong></span> <span class='ocrx_word' id='word_1_50' title='bbox 1342 945 1439 1009; x_wconf 83' lang='lat' dir='ltr'><strong>telin·</strong></span> <span class='ocrx_word' id='word_1_51' title='bbox 1475 989 1479 996; x_wconf 85' lang='lat'>-</span> 
     </span>
     <span class='ocr_line' id='line_1_7' title="bbox 238 1031 1603 1148; baseline -0.001 -27"><span class='ocrx_word' id='word_1_52' title='bbox 238 1078 381 1140; x_wconf 89' lang='lat' dir='ltr'><strong>quamus</strong></span> <span class='ocrx_word' id='word_1_53' title='bbox 410 1055 501 1142; x_wconf 82' lang='lat' dir='ltr'><strong>(nam</strong></span> <span class='ocrx_word' id='word_1_54' title='bbox 532 1059 565 1123; x_wconf 92' lang='lat' dir='ltr'><strong>in</strong></span> <span class='ocrx_word' id='word_1_55' title='bbox 598 1059 802 1123; x_wconf 91' lang='lat' dir='ltr'><strong>orationibus</strong></span> <span class='ocrx_word' id='word_1_56' title='bbox 832 1059 991 1122; x_wconf 86' lang='lat' dir='ltr'><strong>minorem</strong></span> <span class='ocrx_word' id='word_1_57' title='bbox 1024 1078 1096 1124; x_wconf 89' lang='lat' dir='ltr'><strong>esse</strong></span> <span class='ocrx_word' id='word_1_58' title='bbox 1107 1031 1213 1148; x_wconf 53' lang='lat' dir='ltr'><strong>{lima</strong></span> <span class='ocrx_word' id='word_1_59' title='bbox 1242 1081 1302 1123; x_wconf 92' lang='lat' dir='ltr'><strong>sua</strong></span> <span class='ocrx_word' id='word_1_60' title='bbox 1338 1060 1441 1122; x_wconf 88' lang='lat' dir='ltr'><strong>etiam</strong></span> <span class='ocrx_word' id='word_1_61' title='bbox 1602 1072 1603 1144; x_wconf 66' lang='lat' dir='ltr'><strong>y</strong></span> 
     </span>
     <span class='ocr_line' id='line_1_8' title="bbox 238 1146 1603 1257; baseline -0.001 -23"><span class='ocrx_word' id='word_1_62' title='bbox 238 1171 455 1236; x_wconf 86' lang='lat' dir='ltr'><strong>admiratores</strong></span> <span class='ocrx_word' id='word_1_63' title='bbox 469 1171 538 1235; x_wconf 86' lang='lat' dir='ltr'><strong>eius</strong></span> <span class='ocrx_word' id='word_1_64' title='bbox 554 1167 729 1257; x_wconf 90' lang='lat' dir='ltr'><strong>fatentur):</strong></span> <span class='ocrx_word' id='word_1_65' title='bbox 752 1170 815 1233; x_wconf 92' lang='lat' dir='ltr'><strong>nisi</strong></span> <span class='ocrx_word' id='word_1_66' title='bbox 838 1170 923 1235; x_wconf 91' lang='lat' dir='ltr'><strong>forte</strong></span> <span class='ocrx_word' id='word_1_67' title='bbox 945 1146 1121 1254; x_wconf 58' lang='lat' dir='ltr'><strong>quisquam*</strong></span> <span class='ocrx_word' id='word_1_68' title='bbox 1136 1181 1194 1237; x_wconf 91' lang='lat' dir='ltr'><strong>aut</strong></span> <span class='ocrx_word' id='word_1_69' title='bbox 1211 1170 1363 1236; x_wconf 86' lang='lat' dir='ltr'><strong>Caesaris</strong></span> <span class='ocrx_word' id='word_1_70' title='bbox 1378 1191 1442 1253; x_wconf 92' lang='lat' dir='ltr'><strong>pro</strong></span> <span class='ocrx_word' id='word_1_71' title='bbox 1602 1153 1603 1178; x_wconf 30' lang='lat' dir='ltr'><strong>l</strong></span> 
     </span>
    </p>
   </div>
   <div class='ocr_carea' id='block_1_3' title="bbox 230 1349 1603 1480">
    <p class='ocr_par' dir='ltr' id='par_1_4' title="bbox 230 1349 1603 1480">
     <span class='ocr_line' id='line_1_9' title="bbox 274 1349 1603 1411; baseline 0.002 -15"><span class='ocrx_word' id='word_1_72' title='bbox 274 1349 311 1398; x_wconf 88' lang='lat'><strong>18.</strong></span> <span class='ocrx_word' id='word_1_73' title='bbox 329 1350 439 1399; x_wconf 78' lang='lat' dir='ltr'><strong>redolent</strong></span> <span class='ocrx_word' id='word_1_74' title='bbox 449 1349 589 1411; x_wconf 84' lang='lat' dir='ltr'><strong>ABEV,H,</strong></span> <span class='ocrx_word' id='word_1_75' title='bbox 602 1350 711 1410; x_wconf 83' lang='lat' dir='ltr'><strong>reddent,</strong></span> <span class='ocrx_word' id='word_1_76' title='bbox 724 1349 778 1408; x_wconf 79' lang='lat' dir='ltr'><strong>Cn,</strong></span> <span class='ocrx_word' id='word_1_77' title='bbox 790 1349 876 1398; x_wconf 82' lang='lat' dir='ltr'><strong>redent</strong></span> <span class='ocrx_word' id='word_1_78' title='bbox 886 1350 920 1398; x_wconf 90' lang='lat' dir='ltr'><strong>D.</strong></span> <span class='ocrx_word' id='word_1_79' title='bbox 999 1362 1037 1399; x_wconf 82' lang='lat'><strong>21.</strong></span> <span class='ocrx_word' id='word_1_80' title='bbox 1056 1349 1144 1398; x_wconf 82' lang='lat' dir='ltr'><strong>minus</strong></span> <span class='ocrx_word' id='word_1_81' title='bbox 1155 1365 1204 1399; x_wconf 94' lang='lat' dir='ltr'><strong>om.</strong></span> <span class='ocrx_word' id='word_1_82' title='bbox 1220 1349 1249 1399; x_wconf 92' lang='lat' dir='ltr'><strong>C.</strong></span> <span class='ocrx_word' id='word_1_83' title='bbox 1331 1364 1371 1411; x_wconf 80' lang='lat'><strong>24.</strong></span> <span class='ocrx_word' id='word_1_84' title='bbox 1387 1349 1443 1398; x_wconf 82' lang='lat' dir='ltr'><strong>m&#39;si</strong></span> <span class='ocrx_word' id='word_1_85' title='bbox 1595 1365 1603 1392; x_wconf 72' lang='lat' dir='ltr'><strong>r</strong></span> 
     </span>
     <span class='ocr_line' id='line_1_10' title="bbox 230 1413 1337 1480; baseline 0.002 -16"><span class='ocrx_word' id='word_1_86' title='bbox 230 1413 300 1480; x_wconf 79' lang='lat' dir='ltr'><strong>sorte</strong></span> <span class='ocrx_word' id='word_1_87' title='bbox 312 1415 394 1477; x_wconf 75' lang='lat' dir='ltr'><strong>codd,</strong></span> <span class='ocrx_word' id='word_1_88' title='bbox 406 1415 545 1480; x_wconf 81' lang='lat' dir='ltr'><strong>numforte</strong></span> <span class='ocrx_word' id='word_1_89' title='bbox 556 1417 667 1476; x_wconf 84' lang='lat' dir='ltr'><strong>Classen,</strong></span> <span class='ocrx_word' id='word_1_90' title='bbox 680 1415 785 1480; x_wconf 78' lang='lat' dir='ltr'><strong>mcfm</strong></span> <span class='ocrx_word' id='word_1_91' title='bbox 797 1415 946 1472; x_wconf 85' lang='lat' dir='ltr'><strong>Gronovius,</strong></span> <span class='ocrx_word' id='word_1_92' title='bbox 958 1415 1090 1477; x_wconf 85' lang='lat' dir='ltr'><strong>Baehrens,</strong></span> <span class='ocrx_word' id='word_1_93' title='bbox 1103 1431 1147 1465; x_wconf 82' lang='lat' dir='ltr'><strong>nec</strong></span> <span class='ocrx_word' id='word_1_94' title='bbox 1157 1417 1225 1465; x_wconf 82' lang='lat' dir='ltr'><strong>enim</strong></span> <span class='ocrx_word' id='word_1_95' title='bbox 1237 1415 1337 1466; x_wconf 85' lang='lat' dir='ltr'><strong>Novak.</strong></span> 
     </span>
    </p>
   </div>
   <div class='ocr_carea' id='block_1_4' title="bbox 238 1563 1441 1696">
    <p class='ocr_par' dir='ltr' id='par_1_5' title="bbox 238 1563 1441 1696">
     <span class='ocr_line' id='line_1_11' title="bbox 239 1563 1441 1630; baseline 0.002 -16"><span class='ocrx_word' id='word_1_96' title='bbox 239 1563 422 1618; x_wconf 72' lang='lat' dir='ltr'><strong>construction!</strong></span> <span class='ocrx_word' id='word_1_97' title='bbox 457 1565 603 1630; x_wconf 78' lang='lat' dir='ltr'><strong>Compositio</strong></span> <span class='ocrx_word' id='word_1_98' title='bbox 615 1564 813 1628; x_wconf 74' lang='grc' dir='ltr'><strong>(σύνθεσις-11111</strong></span> <span class='ocrx_word' id='word_1_99' title='bbox 862 1565 889 1614; x_wconf 88' lang='lat' dir='ltr'><strong>in</strong></span> <span class='ocrx_word' id='word_1_100' title='bbox 906 1581 955 1628; x_wconf 87' lang='lat' dir='ltr'><strong>any</strong></span> <span class='ocrx_word' id='word_1_101' title='bbox 968 1564 1056 1615; x_wconf 88' lang='lat' dir='ltr'><strong>earlier</strong></span> <span class='ocrx_word' id='word_1_102' title='bbox 1070 1565 1159 1627; x_wconf 86' lang='lat' dir='ltr'><strong>writer,</strong></span> <span class='ocrx_word' id='word_1_103' title='bbox 1171 1580 1253 1616; x_wconf 85' lang='lat' dir='ltr'><strong>recnrs</strong></span> <span class='ocrx_word' id='word_1_104' title='bbox 1264 1565 1289 1614; x_wconf 92' lang='lat' dir='ltr'><strong>in</strong></span> <span class='ocrx_word' id='word_1_105' title='bbox 1309 1566 1348 1620; x_wconf 80' lang='lat'><strong>37.</strong></span> <span class='ocrx_word' id='word_1_106' title='bbox 1361 1565 1377 1615; x_wconf 92' lang='lat'><strong>6</strong></span> <span class='ocrx_word' id='word_1_107' title='bbox 1390 1567 1441 1616; x_wconf 89' lang='lat' dir='ltr'><strong>aud</strong></span> 
     </span>
     <span class='ocr_line' id='line_1_12' title="bbox 238 1630 1440 1696; baseline -0.003 -12"><span class='ocrx_word' id='word_1_108' title='bbox 238 1632 410 1684; x_wconf 87' lang='lat' dir='ltr'><strong>combination</strong></span> <span class='ocrx_word' id='word_1_109' title='bbox 426 1631 455 1680; x_wconf 93' lang='lat' dir='ltr'><strong>of</strong></span> <span class='ocrx_word' id='word_1_110' title='bbox 468 1630 560 1693; x_wconf 88' lang='lat' dir='ltr'><strong>words)</strong></span> <span class='ocrx_word' id='word_1_111' title='bbox 580 1633 601 1680; x_wconf 88' lang='lat' dir='ltr'><strong>is</strong></span> <span class='ocrx_word' id='word_1_112' title='bbox 620 1631 717 1681; x_wconf 87' lang='lat' dir='ltr'><strong>defined</strong></span> <span class='ocrx_word' id='word_1_113' title='bbox 737 1632 763 1681; x_wconf 91' lang='lat' dir='ltr'><strong>in</strong></span> <span class='ocrx_word' id='word_1_114' title='bbox 780 1632 813 1680; x_wconf 88' lang='lat' dir='ltr'><strong>ad</strong></span> <span class='ocrx_word' id='word_1_115' title='bbox 863 1633 928 1695; x_wconf 73' lang='grc'><strong>117</strong></span> <span class='ocrx_word' id='word_1_116' title='bbox 941 1649 948 1680; x_wconf 75' lang='lat' dir='ltr'><strong>a</strong></span> <span class='ocrx_word' id='word_1_117' title='bbox 965 1632 1015 1680; x_wconf 90' lang='lat' dir='ltr'><strong>and</strong></span> <span class='ocrx_word' id='word_1_118' title='bbox 1026 1646 1065 1696; x_wconf 91' lang='lat' dir='ltr'><strong>cp.</strong></span> <span class='ocrx_word' id='word_1_119' title='bbox 1075 1631 1140 1681; x_wconf 87' lang='lat' dir='ltr'><strong>Suet.</strong></span> <span class='ocrx_word' id='word_1_120' title='bbox 1151 1633 1218 1694; x_wconf 87' lang='lat' dir='ltr'><strong>Aug.</strong></span> <span class='ocrx_word' id='word_1_121' title='bbox 1228 1632 1267 1691; x_wconf 89' lang='lat'><strong>81,</strong></span> <span class='ocrx_word' id='word_1_122' title='bbox 1277 1633 1328 1681; x_wconf 91' lang='lat' dir='ltr'><strong>and</strong></span> <span class='ocrx_word' id='word_1_123' title='bbox 1340 1633 1394 1682; x_wconf 89' lang='lat' dir='ltr'><strong>Inv.</strong></span> <span class='ocrx_word' id='word_1_124' title='bbox 1406 1632 1440 1682; x_wconf 90' lang='lat' dir='ltr'><strong>vi.</strong></span> 
     </span>
    </p>
   </div>
   <div class='ocr_carea' id='block_1_5' title="bbox 239 1697 812 1828">
    <p class='ocr_par' dir='ltr' id='par_1_6' title="bbox 239 1697 812 1828">
     <span class='ocr_line' id='line_1_13' title="bbox 239 1697 812 1756; baseline -0.002 -9"><span class='ocrx_word' id='word_1_125' title='bbox 239 1699 348 1747; x_wconf 90' lang='lat' dir='ltr'><strong>Herenn.</strong></span> <span class='ocrx_word' id='word_1_126' title='bbox 367 1698 399 1746; x_wconf 90' lang='lat' dir='ltr'><strong>iv.</strong></span> <span class='ocrx_word' id='word_1_127' title='bbox 422 1709 460 1756; x_wconf 81' lang='lat'><strong>12,</strong></span> <span class='ocrx_word' id='word_1_128' title='bbox 482 1697 511 1744; x_wconf 91' lang='lat'><strong>18</strong></span> <span class='ocrx_word' id='word_1_129' title='bbox 534 1713 562 1746; x_wconf 90' lang='lat' dir='ltr'><strong>as</strong></span> <span class='ocrx_word' id='word_1_130' title='bbox 587 1699 733 1746; x_wconf 83' lang='lat' dir='ltr'><strong>‘verborum</strong></span> <span class='ocrx_word' id='word_1_131' title='bbox 755 1713 812 1746; x_wconf 91' lang='lat' dir='ltr'><strong>con·</strong></span> 
     </span>
     <span class='ocr_line' id='line_1_14' title="bbox 239 1763 812 1828; baseline -0.003 -14"><span class='ocrx_word' id='word_1_132' title='bbox 239 1764 343 1814; x_wconf 83' lang='lat' dir='ltr'><strong>structio</strong></span> <span class='ocrx_word' id='word_1_133' title='bbox 354 1778 418 1826; x_wconf 89' lang='lat' dir='ltr'><strong>quae</strong></span> <span class='ocrx_word' id='word_1_134' title='bbox 429 1763 489 1812; x_wconf 88' lang='lat' dir='ltr'><strong>facit</strong></span> <span class='ocrx_word' id='word_1_135' title='bbox 501 1779 586 1813; x_wconf 88' lang='lat' dir='ltr'><strong>omnes</strong></span> <span class='ocrx_word' id='word_1_136' title='bbox 596 1771 680 1828; x_wconf 90' lang='lat' dir='ltr'><strong>partes</strong></span> <span class='ocrx_word' id='word_1_137' title='bbox 692 1763 812 1812; x_wconf 85' lang='lat' dir='ltr'><strong>orationis</strong></span> 
     </span>
    </p>
   </div>
   <div class='ocr_carea' id='block_1_6' title="bbox 861 1697 1440 1828">
    <p class='ocr_par' dir='ltr' id='par_1_7' title="bbox 861 1697 1440 1828">
     <span class='ocr_line' id='line_1_15' title="bbox 862 1697 1440 1760; baseline 0.003 -16"><span class='ocrx_word' id='word_1_138' title='bbox 862 1710 920 1760; x_wconf 84' lang='lat'><strong>451,</strong></span> <span class='ocrx_word' id='word_1_139' title='bbox 932 1697 1014 1745; x_wconf 86' lang='lat' dir='ltr'><strong>where</strong></span> <span class='ocrx_word' id='word_1_140' title='bbox 1025 1699 1032 1724; x_wconf 86' lang='lat'>‘</span> <span class='ocrx_word' id='word_1_141' title='bbox 1044 1704 1109 1746; x_wconf 90' lang='lat' dir='ltr'><strong>tenet</strong></span> <span class='ocrx_word' id='word_1_142' title='bbox 1116 1697 1255 1760; x_wconf 87' lang='lat' dir='ltr'><strong>antiquaria</strong></span> <span class='ocrx_word' id='word_1_143' title='bbox 1263 1697 1360 1746; x_wconf 88' lang='lat' dir='ltr'><strong>versus’</strong></span> <span class='ocrx_word' id='word_1_144' title='bbox 1369 1699 1391 1748; x_wconf 91' lang='lat' dir='ltr'><strong>is</strong></span> <span class='ocrx_word' id='word_1_145' title='bbox 1399 1715 1440 1748; x_wconf 84' lang='lat' dir='ltr'><strong>ex·</strong></span> 
     </span>
     <span class='ocr_line' id='line_1_16' title="bbox 861 1760 1440 1828; baseline 0.003 -18"><span class='ocrx_word' id='word_1_146' title='bbox 861 1762 963 1826; x_wconf 88' lang='lat' dir='ltr'><strong>plained</strong></span> <span class='ocrx_word' id='word_1_147' title='bbox 972 1763 1005 1826; x_wconf 95' lang='lat' dir='ltr'><strong>by</strong></span> <span class='ocrx_word' id='word_1_148' title='bbox 1010 1762 1052 1811; x_wconf 91' lang='lat' dir='ltr'><strong>the</strong></span> <span class='ocrx_word' id='word_1_149' title='bbox 1060 1760 1185 1812; x_wconf 84' lang='lat' dir='ltr'><strong>Scholiast</strong></span> <span class='ocrx_word' id='word_1_150' title='bbox 1193 1779 1220 1812; x_wconf 82' lang='lat' dir='ltr'><strong>as</strong></span> <span class='ocrx_word' id='word_1_151' title='bbox 1226 1784 1247 1802; x_wconf 89' lang='lat'><strong>==</strong></span> <span class='ocrx_word' id='word_1_152' title='bbox 1253 1770 1280 1811; x_wconf 91' lang='lat' dir='ltr'><strong>ut</strong></span> <span class='ocrx_word' id='word_1_153' title='bbox 1288 1764 1440 1828; x_wconf 86' lang='lat' dir='ltr'><strong>antiquarius</strong></span> 
     </span>
    </p>
   </div>
   <div class='ocr_carea' id='block_1_7' title="bbox 239 1826 1023 1893">
    <p class='ocr_par' dir='ltr' id='par_1_8' title="bbox 239 1826 1023 1893">
     <span class='ocr_line' id='line_1_17' title="bbox 239 1826 1023 1893; baseline -0.001 -15"><span class='ocrx_word' id='word_1_154' title='bbox 239 1829 399 1892; x_wconf 82' lang='lat' dir='ltr'><strong>aequabiliter</strong></span> <span class='ocrx_word' id='word_1_155' title='bbox 411 1826 577 1893; x_wconf 87' lang='lat' dir='ltr'><strong>perpolitas&#39;:</strong></span> <span class='ocrx_word' id='word_1_156' title='bbox 595 1845 632 1893; x_wconf 85' lang='lat' dir='ltr'><strong>ep.</strong></span> <span class='ocrx_word' id='word_1_157' title='bbox 643 1829 728 1892; x_wconf 90' lang='lat' dir='ltr'><strong>Quint.</strong></span> <span class='ocrx_word' id='word_1_158' title='bbox 741 1829 774 1877; x_wconf 85' lang='lat' dir='ltr'><strong>ix.</strong></span> <span class='ocrx_word' id='word_1_159' title='bbox 785 1843 809 1890; x_wconf 79' lang='lat'><strong>4,</strong></span> <span class='ocrx_word' id='word_1_160' title='bbox 860 1843 944 1877; x_wconf 89' lang='lat' dir='ltr'><strong>versus</strong></span> <span class='ocrx_word' id='word_1_161' title='bbox 955 1827 1023 1877; x_wconf 92' lang='lat' dir='ltr'><strong>dicit.</strong></span> 
     </span>
    </p>
   </div>
   <div class='ocr_carea' id='block_1_8' title="bbox 179 1893 814 3138">
    <p class='ocr_par' dir='ltr' id='par_1_9' title="bbox 179 1893 814 3138">
     <span class='ocr_line' id='line_1_18' title="bbox 241 1893 811 1958; baseline 0 -16"><span class='ocrx_word' id='word_1_162' title='bbox 241 1893 287 1943; x_wconf 90' lang='lat'><strong>116</strong></span> <span class='ocrx_word' id='word_1_163' title='bbox 299 1909 372 1958; x_wconf 91' lang='lat' dir='ltr'><strong>quem</strong></span> <span class='ocrx_word' id='word_1_164' title='bbox 385 1895 409 1942; x_wconf 91' lang='lat' dir='ltr'><strong>in</strong></span> <span class='ocrx_word' id='word_1_165' title='bbox 421 1901 536 1958; x_wconf 84' lang='lat' dir='ltr'><strong>poemate</strong></span> <span class='ocrx_word' id='word_1_166' title='bbox 553 1894 636 1943; x_wconf 92' lang='lat' dir='ltr'><strong>locum</strong></span> <span class='ocrx_word' id='word_1_167' title='bbox 651 1895 727 1944; x_wconf 89' lang='lat' dir='ltr'><strong>habet</strong></span> <span class='ocrx_word' id='word_1_168' title='bbox 737 1895 811 1943; x_wconf 89' lang='lat' dir='ltr'><strong>versi·</strong></span> 
     </span>
     <span class='ocr_line' id='line_1_19' title="bbox 238 1960 812 2024; baseline 0 -16"><span class='ocrx_word' id='word_1_169' title='bbox 238 1960 323 2010; x_wconf 86' lang='lat' dir='ltr'><strong>ficatio</strong></span> <span class='ocrx_word' id='word_1_170' title='bbox 334 1975 390 2008; x_wconf 86' lang='lat' dir='ltr'><strong>eam</strong></span> <span class='ocrx_word' id='word_1_171' title='bbox 398 1960 424 2006; x_wconf 89' lang='lat' dir='ltr'><strong>iu</strong></span> <span class='ocrx_word' id='word_1_172' title='bbox 434 1960 545 2008; x_wconf 84' lang='lat' dir='ltr'><strong>oratione</strong></span> <span class='ocrx_word' id='word_1_173' title='bbox 552 1961 707 2024; x_wconf 90' lang='lat' dir='ltr'><strong>compositio.</strong></span> <span class='ocrx_word' id='word_1_174' title='bbox 733 1960 812 2008; x_wconf 80' lang='lat' dir='ltr'><strong>Verba</strong></span> 
     </span>
     <span class='ocr_line' id='line_1_20' title="bbox 238 2025 812 2089; baseline 0 -15"><span class='ocrx_word' id='word_1_175' title='bbox 238 2026 288 2074; x_wconf 89' lang='lat' dir='ltr'><strong>aud</strong></span> <span class='ocrx_word' id='word_1_176' title='bbox 307 2025 445 2089; x_wconf 80' lang='lat' dir='ltr'><strong>compositio</strong></span> <span class='ocrx_word' id='word_1_177' title='bbox 464 2041 505 2074; x_wconf 90' lang='lat' dir='ltr'><strong>are</strong></span> <span class='ocrx_word' id='word_1_178' title='bbox 523 2026 664 2088; x_wconf 84' lang='lat' dir='ltr'><strong>constantly</strong></span> <span class='ocrx_word' id='word_1_179' title='bbox 680 2025 812 2089; x_wconf 87' lang='lat' dir='ltr'><strong>conjoined</strong></span> 
     </span>
     <span class='ocr_line' id='line_1_21' title="bbox 179 2091 810 2155; baseline 0.002 -15"><span class='ocrx_word' id='word_1_180' title='bbox 179 2127 184 2134; x_wconf 88' lang='lat'><strong>.</strong></span> <span class='ocrx_word' id='word_1_181' title='bbox 238 2094 265 2140; x_wconf 88' lang='lat' dir='ltr'><strong>in</strong></span> <span class='ocrx_word' id='word_1_182' title='bbox 283 2091 333 2140; x_wconf 90' lang='lat' dir='ltr'><strong>this</strong></span> <span class='ocrx_word' id='word_1_183' title='bbox 352 2106 422 2153; x_wconf 85' lang='lat' dir='ltr'><strong>way:</strong></span> <span class='ocrx_word' id='word_1_184' title='bbox 450 2106 503 2155; x_wconf 84' lang='lat' dir='ltr'><strong>eg.</strong></span> <span class='ocrx_word' id='word_1_185' title='bbox 525 2091 609 2154; x_wconf 90' lang='lat' dir='ltr'><strong>Quint.</strong></span> <span class='ocrx_word' id='word_1_186' title='bbox 627 2107 651 2140; x_wconf 89' lang='lat' dir='ltr'><strong>x.</strong></span> <span class='ocrx_word' id='word_1_187' title='bbox 670 2104 693 2150; x_wconf 95' lang='lat'><strong>1,</strong></span> <span class='ocrx_word' id='word_1_188' title='bbox 715 2096 727 2150; x_wconf 88' lang='lat'><strong>5</strong></span> <span class='ocrx_word' id='word_1_189' title='bbox 749 2093 810 2141; x_wconf 87' lang='lat'><strong>118:</strong></span> 
     </span>
     <span class='ocr_line' id='line_1_22' title="bbox 241 2157 812 2220; baseline -0.004 -14"><span class='ocrx_word' id='word_1_190' title='bbox 241 2171 264 2216; x_wconf 81' lang='lat'><strong>2,</strong></span> <span class='ocrx_word' id='word_1_191' title='bbox 284 2161 296 2215; x_wconf 91' lang='lat'><strong>5</strong></span> <span class='ocrx_word' id='word_1_192' title='bbox 319 2169 364 2217; x_wconf 85' lang='lat'><strong>13:</strong></span> <span class='ocrx_word' id='word_1_193' title='bbox 391 2169 412 2218; x_wconf 83' lang='lat'><strong>3,</strong></span> <span class='ocrx_word' id='word_1_194' title='bbox 435 2161 447 2215; x_wconf 93' lang='lat'><strong>5</strong></span> <span class='ocrx_word' id='word_1_195' title='bbox 468 2171 499 2220; x_wconf 78' lang='lat'><strong>93</strong></span> <span class='ocrx_word' id='word_1_196' title='bbox 527 2158 565 2205; x_wconf 79' lang='lat'><strong>22.</strong></span> <span class='ocrx_word' id='word_1_197' title='bbox 588 2168 601 2219; x_wconf 86' lang='lat'><strong>5</strong></span> <span class='ocrx_word' id='word_1_198' title='bbox 625 2157 714 2206; x_wconf 86' lang='lat' dir='ltr'><strong>below.</strong></span> <span class='ocrx_word' id='word_1_199' title='bbox 762 2158 812 2206; x_wconf 88' lang='lat' dir='ltr'><strong>For</strong></span> 
     </span>
     <span class='ocr_line' id='line_1_23' title="bbox 239 2221 811 2286; baseline 0 -14"><span class='ocrx_word' id='word_1_200' title='bbox 239 2223 314 2272; x_wconf 75' lang='lat' dir='ltr'><strong>dions</strong></span> <span class='ocrx_word' id='word_1_201' title='bbox 324 2221 511 2284; x_wconf 86' lang='lat' dir='ltr'><strong>(uneonnected,</strong></span> <span class='ocrx_word' id='word_1_202' title='bbox 521 2221 673 2270; x_wconf 88' lang='lat' dir='ltr'><strong>‘dislocated</strong></span> <span class='ocrx_word' id='word_1_203' title='bbox 681 2221 699 2283; x_wconf 89' lang='lat'><strong>&#39;)</strong></span> <span class='ocrx_word' id='word_1_204' title='bbox 709 2238 748 2286; x_wconf 90' lang='lat' dir='ltr'><strong>cp.</strong></span> <span class='ocrx_word' id='word_1_205' title='bbox 756 2223 811 2272; x_wconf 90' lang='lat' dir='ltr'><strong>Cic.</strong></span> 
     </span>
     <span class='ocr_line' id='line_1_24' title="bbox 239 2287 813 2352; baseline -0.002 -15"><span class='ocrx_word' id='word_1_206' title='bbox 239 2288 282 2338; x_wconf 90' lang='lat' dir='ltr'><strong>Or.</strong></span> <span class='ocrx_word' id='word_1_207' title='bbox 298 2291 310 2346; x_wconf 90' lang='lat'><strong>5</strong></span> <span class='ocrx_word' id='word_1_208' title='bbox 325 2301 353 2348; x_wconf 80' lang='lat'><strong>3²</strong></span> <span class='ocrx_word' id='word_1_209' title='bbox 373 2302 429 2336; x_wconf 91' lang='lat' dir='ltr'><strong>cum</strong></span> <span class='ocrx_word' id='word_1_210' title='bbox 445 2287 534 2336; x_wconf 83' lang='lat' dir='ltr'><strong>mutila</strong></span> <span class='ocrx_word' id='word_1_211' title='bbox 545 2294 570 2336; x_wconf 91' lang='lat' dir='ltr'><strong>et</strong></span> <span class='ocrx_word' id='word_1_212' title='bbox 581 2287 676 2337; x_wconf 83' lang='lat' dir='ltr'><strong>hiantia</strong></span> <span class='ocrx_word' id='word_1_213' title='bbox 691 2288 813 2352; x_wconf 87' lang='lat' dir='ltr'><strong>quaedam</strong></span> 
     </span>
     <span class='ocr_line' id='line_1_25' title="bbox 238 2351 811 2414; baseline 0.002 -12"><span class='ocrx_word' id='word_1_214' title='bbox 238 2354 317 2404; x_wconf 90' lang='lat' dir='ltr'><strong>locuti</strong></span> <span class='ocrx_word' id='word_1_215' title='bbox 328 2359 398 2401; x_wconf 90' lang='lat' dir='ltr'><strong>sunt:</strong></span> <span class='ocrx_word' id='word_1_216' title='bbox 417 2353 502 2414; x_wconf 88' lang='lat' dir='ltr'><strong>Quint.</strong></span> <span class='ocrx_word' id='word_1_217' title='bbox 514 2353 565 2402; x_wconf 91' lang='lat' dir='ltr'><strong>viii.</strong></span> <span class='ocrx_word' id='word_1_218' title='bbox 577 2352 601 2413; x_wconf 90' lang='lat'><strong>6,</strong></span> <span class='ocrx_word' id='word_1_219' title='bbox 614 2351 645 2401; x_wconf 84' lang='lat'><strong>61</strong></span> <span class='ocrx_word' id='word_1_220' title='bbox 658 2353 686 2402; x_wconf 88' lang='lat' dir='ltr'><strong>fit</strong></span> <span class='ocrx_word' id='word_1_221' title='bbox 697 2354 778 2402; x_wconf 91' lang='lat' dir='ltr'><strong>enim.</strong></span> <span class='ocrx_word' id='word_1_222' title='bbox 788 2391 811 2404; x_wconf 91' lang='lat'><strong>..</strong></span> 
     </span>
     <span class='ocr_line' id='line_1_26' title="bbox 239 2418 813 2478; baseline 0.002 -11"><span class='ocrx_word' id='word_1_223' title='bbox 239 2418 359 2468; x_wconf 88' lang='lat' dir='ltr'><strong>dissoluta</strong></span> <span class='ocrx_word' id='word_1_224' title='bbox 367 2426 390 2467; x_wconf 92' lang='lat' dir='ltr'><strong>et</strong></span> <span class='ocrx_word' id='word_1_225' title='bbox 400 2418 470 2467; x_wconf 89' lang='lat' dir='ltr'><strong>hians</strong></span> <span class='ocrx_word' id='word_1_226' title='bbox 478 2419 567 2478; x_wconf 91' lang='lat' dir='ltr'><strong>oratio,</strong></span> <span class='ocrx_word' id='word_1_227' title='bbox 575 2419 596 2467; x_wconf 90' lang='lat' dir='ltr'><strong>si</strong></span> <span class='ocrx_word' id='word_1_228' title='bbox 605 2418 636 2467; x_wconf 89' lang='lat' dir='ltr'><strong>ad</strong></span> <span class='ocrx_word' id='word_1_229' title='bbox 643 2419 813 2468; x_wconf 87' lang='lat' dir='ltr'><strong>necessitatem</strong></span> 
     </span>
     <span class='ocr_line' id='line_1_27' title="bbox 239 2482 812 2549; baseline 0 -15"><span class='ocrx_word' id='word_1_230' title='bbox 239 2485 331 2534; x_wconf 88' lang='lat' dir='ltr'><strong>ordinis</strong></span> <span class='ocrx_word' id='word_1_231' title='bbox 349 2482 385 2533; x_wconf 91' lang='lat' dir='ltr'><strong>sui</strong></span> <span class='ocrx_word' id='word_1_232' title='bbox 400 2485 476 2532; x_wconf 89' lang='lat' dir='ltr'><strong>verba</strong></span> <span class='ocrx_word' id='word_1_233' title='bbox 492 2483 642 2548; x_wconf 84' lang='lat' dir='ltr'><strong>redigantur,</strong></span> <span class='ocrx_word' id='word_1_234' title='bbox 654 2492 679 2534; x_wconf 88' lang='lat' dir='ltr'><strong>et</strong></span> <span class='ocrx_word' id='word_1_235' title='bbox 690 2493 717 2534; x_wconf 91' lang='lat' dir='ltr'><strong>ut</strong></span> <span class='ocrx_word' id='word_1_236' title='bbox 733 2485 812 2549; x_wconf 91' lang='lat' dir='ltr'><strong>quod-</strong></span> 
     </span>
     <span class='ocr_line' id='line_1_28' title="bbox 238 2549 814 2615; baseline -0.002 -16"><span class='ocrx_word' id='word_1_237' title='bbox 238 2566 287 2615; x_wconf 89' lang='lat' dir='ltr'><strong>que</strong></span> <span class='ocrx_word' id='word_1_238' title='bbox 304 2550 389 2610; x_wconf 88' lang='lat' dir='ltr'><strong>oritur,</strong></span> <span class='ocrx_word' id='word_1_239' title='bbox 402 2549 437 2598; x_wconf 88' lang='lat' dir='ltr'><strong>ita</strong></span> <span class='ocrx_word' id='word_1_240' title='bbox 454 2549 580 2613; x_wconf 82' lang='lat' dir='ltr'><strong>proximis,</strong></span> <span class='ocrx_word' id='word_1_241' title='bbox 596 2550 670 2598; x_wconf 87' lang='lat' dir='ltr'><strong>etiam</strong></span> <span class='ocrx_word' id='word_1_242' title='bbox 687 2551 708 2599; x_wconf 87' lang='lat' dir='ltr'><strong>si</strong></span> <span class='ocrx_word' id='word_1_243' title='bbox 725 2550 814 2600; x_wconf 88' lang='lat' dir='ltr'><strong>vinciri</strong></span> 
     </span>
     <span class='ocr_line' id='line_1_29' title="bbox 238 2615 814 2680; baseline 0.002 -16"><span class='ocrx_word' id='word_1_244' title='bbox 238 2632 288 2665; x_wconf 90' lang='lat' dir='ltr'><strong>non</strong></span> <span class='ocrx_word' id='word_1_245' title='bbox 300 2622 389 2680; x_wconf 88' lang='lat' dir='ltr'><strong>potest,</strong></span> <span class='ocrx_word' id='word_1_246' title='bbox 401 2615 646 2679; x_wconf 76' lang='lat' dir='ltr'><strong>affligetur-There</strong></span> <span class='ocrx_word' id='word_1_247' title='bbox 656 2618 679 2664; x_wconf 94' lang='lat' dir='ltr'><strong>is</strong></span> <span class='ocrx_word' id='word_1_248' title='bbox 690 2616 719 2664; x_wconf 91' lang='lat' dir='ltr'><strong>of</strong></span> <span class='ocrx_word' id='word_1_249' title='bbox 727 2632 814 2665; x_wconf 87' lang='lat' dir='ltr'><strong>course</strong></span> 
     </span>
     <span class='ocr_line' id='line_1_30' title="bbox 239 2681 813 2741; baseline 0.002 -12"><span class='ocrx_word' id='word_1_250' title='bbox 239 2697 255 2729; x_wconf 91' lang='lat' dir='ltr'><strong>a</strong></span> <span class='ocrx_word' id='word_1_251' title='bbox 265 2697 387 2731; x_wconf 89' lang='lat' dir='ltr'><strong>narrower</strong></span> <span class='ocrx_word' id='word_1_252' title='bbox 399 2697 468 2730; x_wconf 88' lang='lat' dir='ltr'><strong>sense</strong></span> <span class='ocrx_word' id='word_1_253' title='bbox 479 2682 508 2730; x_wconf 92' lang='lat' dir='ltr'><strong>of</strong></span> <span class='ocrx_word' id='word_1_254' title='bbox 519 2681 614 2741; x_wconf 79' lang='lat' dir='ltr'><strong>hiatus,</strong></span> <span class='ocrx_word' id='word_1_255' title='bbox 626 2681 663 2730; x_wconf 88' lang='lat' dir='ltr'><strong>for</strong></span> <span class='ocrx_word' id='word_1_256' title='bbox 675 2681 757 2730; x_wconf 87' lang='lat' dir='ltr'><strong>which</strong></span> <span class='ocrx_word' id='word_1_257' title='bbox 772 2697 813 2730; x_wconf 89' lang='lat' dir='ltr'><strong>see</strong></span> 
     </span>
     <span class='ocr_line' id='line_1_31' title="bbox 239 2746 813 2810; baseline -0.003 -14"><span class='ocrx_word' id='word_1_258' title='bbox 239 2748 293 2798; x_wconf 88' lang='lat' dir='ltr'><strong>Cic.</strong></span> <span class='ocrx_word' id='word_1_259' title='bbox 305 2748 337 2796; x_wconf 89' lang='lat' dir='ltr'><strong>de</strong></span> <span class='ocrx_word' id='word_1_260' title='bbox 348 2748 391 2796; x_wconf 90' lang='lat' dir='ltr'><strong>Or.</strong></span> <span class='ocrx_word' id='word_1_261' title='bbox 403 2747 438 2794; x_wconf 87' lang='lat' dir='ltr'><strong>iii.</strong></span> <span class='ocrx_word' id='word_1_262' title='bbox 452 2750 480 2805; x_wconf 90' lang='lat'><strong>55</strong></span> <span class='ocrx_word' id='word_1_263' title='bbox 496 2756 588 2809; x_wconf 82' lang='lat'><strong>171-2:</strong></span> <span class='ocrx_word' id='word_1_264' title='bbox 608 2746 651 2796; x_wconf 89' lang='lat' dir='ltr'><strong>Or.</strong></span> <span class='ocrx_word' id='word_1_265' title='bbox 667 2752 679 2806; x_wconf 97' lang='lat'><strong>5</strong></span> <span class='ocrx_word' id='word_1_266' title='bbox 695 2761 734 2806; x_wconf 83' lang='lat'><strong>20,</strong></span> <span class='ocrx_word' id='word_1_267' title='bbox 750 2760 813 2810; x_wconf 83' lang='lat'><strong>149-</strong></span> 
     </span>
     <span class='ocr_line' id='line_1_32' title="bbox 240 2812 814 2878; baseline -0.003 -16"><span class='ocrx_word' id='word_1_268' title='bbox 240 2827 280 2876; x_wconf 87' lang='lat'><strong>50,</strong></span> <span class='ocrx_word' id='word_1_269' title='bbox 293 2813 374 2862; x_wconf 89' lang='lat' dir='ltr'><strong>where</strong></span> <span class='ocrx_word' id='word_1_270' title='bbox 390 2813 436 2861; x_wconf 90' lang='lat' dir='ltr'><strong>Dr.</strong></span> <span class='ocrx_word' id='word_1_271' title='bbox 448 2812 545 2876; x_wconf 84' lang='lat' dir='ltr'><strong>Sandys</strong></span> <span class='ocrx_word' id='word_1_272' title='bbox 561 2813 687 2877; x_wconf 85' lang='lat' dir='ltr'><strong>explains:</strong></span> <span class='ocrx_word' id='word_1_273' title='bbox 705 2813 814 2878; x_wconf 84' lang='lat' dir='ltr'><strong>‘Proper</strong></span> 
     </span>
     <span class='ocr_line' id='line_1_33' title="bbox 238 2878 813 2941; baseline 0 -15"><span class='ocrx_word' id='word_1_274' title='bbox 238 2879 310 2941; x_wconf 85' lang='lat' dir='ltr'><strong>pains</strong></span> <span class='ocrx_word' id='word_1_275' title='bbox 327 2884 393 2927; x_wconf 89' lang='lat' dir='ltr'><strong>must</strong></span> <span class='ocrx_word' id='word_1_276' title='bbox 404 2878 435 2926; x_wconf 91' lang='lat' dir='ltr'><strong>be</strong></span> <span class='ocrx_word' id='word_1_277' title='bbox 450 2878 577 2926; x_wconf 87' lang='lat' dir='ltr'><strong>bestowed</strong></span> <span class='ocrx_word' id='word_1_278' title='bbox 589 2895 622 2928; x_wconf 93' lang='lat' dir='ltr'><strong>ou</strong></span> <span class='ocrx_word' id='word_1_279' title='bbox 637 2879 680 2928; x_wconf 92' lang='lat' dir='ltr'><strong>the</strong></span> <span class='ocrx_word' id='word_1_280' title='bbox 696 2879 813 2927; x_wconf 89' lang='lat' dir='ltr'><strong>relations</strong></span> 
     </span>
     <span class='ocr_line' id='line_1_34' title="bbox 238 2943 813 3007; baseline 0 -15"><span class='ocrx_word' id='word_1_281' title='bbox 238 2945 349 2994; x_wconf 87' lang='lat' dir='ltr'><strong>between</strong></span> <span class='ocrx_word' id='word_1_282' title='bbox 361 2943 403 2992; x_wconf 89' lang='lat' dir='ltr'><strong>the</strong></span> <span class='ocrx_word' id='word_1_283' title='bbox 413 2943 462 2992; x_wconf 90' lang='lat' dir='ltr'><strong>last</strong></span> <span class='ocrx_word' id='word_1_284' title='bbox 473 2943 579 3007; x_wconf 89' lang='lat' dir='ltr'><strong>syllable</strong></span> <span class='ocrx_word' id='word_1_285' title='bbox 590 2943 620 2992; x_wconf 89' lang='lat' dir='ltr'><strong>of</strong></span> <span class='ocrx_word' id='word_1_286' title='bbox 628 2959 674 2992; x_wconf 92' lang='lat' dir='ltr'><strong>one</strong></span> <span class='ocrx_word' id='word_1_287' title='bbox 682 2944 752 2993; x_wconf 90' lang='lat' dir='ltr'><strong>word</strong></span> <span class='ocrx_word' id='word_1_288' title='bbox 763 2944 813 2992; x_wconf 86' lang='lat' dir='ltr'><strong>and</strong></span> 
     </span>
     <span class='ocr_line' id='line_1_35' title="bbox 239 3007 812 3072; baseline -0.002 -13"><span class='ocrx_word' id='word_1_289' title='bbox 239 3010 282 3059; x_wconf 92' lang='lat' dir='ltr'><strong>the</strong></span> <span class='ocrx_word' id='word_1_290' title='bbox 294 3008 347 3058; x_wconf 87' lang='lat' dir='ltr'><strong>first</strong></span> <span class='ocrx_word' id='word_1_291' title='bbox 357 3009 462 3072; x_wconf 86' lang='lat' dir='ltr'><strong>syllable</strong></span> <span class='ocrx_word' id='word_1_292' title='bbox 473 3010 503 3057; x_wconf 94' lang='lat' dir='ltr'><strong>of</strong></span> <span class='ocrx_word' id='word_1_293' title='bbox 511 3007 553 3057; x_wconf 92' lang='lat' dir='ltr'><strong>the</strong></span> <span class='ocrx_word' id='word_1_294' title='bbox 563 3018 630 3069; x_wconf 88' lang='lat' dir='ltr'><strong>next,</strong></span> <span class='ocrx_word' id='word_1_295' title='bbox 642 3025 671 3058; x_wconf 88' lang='lat' dir='ltr'><strong>so</strong></span> <span class='ocrx_word' id='word_1_296' title='bbox 683 3025 710 3058; x_wconf 88' lang='lat' dir='ltr'><strong>as</strong></span> <span class='ocrx_word' id='word_1_297' title='bbox 720 3017 747 3059; x_wconf 91' lang='lat' dir='ltr'><strong>to</strong></span> <span class='ocrx_word' id='word_1_298' title='bbox 777 3025 812 3058; x_wconf 90' lang='lat' dir='ltr'><strong>re·</strong></span> 
     </span>
     <span class='ocr_line' id='line_1_36' title="bbox 238 3025 813 3138; baseline 0 -15"><span class='ocrx_word' id='word_1_299' title='bbox 238 3082 296 3124; x_wconf 88' lang='lat' dir='ltr'><strong>vent</strong></span> <span class='ocrx_word' id='word_1_300' title='bbox 308 3075 350 3124; x_wconf 89' lang='lat' dir='ltr'><strong>the</strong></span> <span class='ocrx_word' id='word_1_301' title='bbox 365 3088 526 3123; x_wconf 90' lang='lat' dir='ltr'><strong>concurrence</strong></span> <span class='ocrx_word' id='word_1_302' title='bbox 538 3075 566 3122; x_wconf 94' lang='lat' dir='ltr'><strong>of</strong></span> <span class='ocrx_word' id='word_1_303' title='bbox 578 3073 679 3138; x_wconf 91' lang='lat' dir='ltr'><strong>harshly</strong></span> <span class='ocrx_word' id='word_1_304' title='bbox 690 3025 813 3138; x_wconf 72' lang='lat' dir='ltr'><strong>sounding</strong></span> 
     </span>
    </p>
   </div>
   <div class='ocr_carea' id='block_1_9' title="bbox 861 1893 1441 3139">
    <p class='ocr_par' dir='ltr' id='par_1_10' title="bbox 897 1893 1439 1960">
     <span class='ocr_line' id='line_1_37' title="bbox 897 1893 1439 1960; baseline 0.007 -19"><span class='ocrx_word' id='word_1_305' title='bbox 897 1907 935 1957; x_wconf 91' lang='lat'><strong>19.</strong></span> <span class='ocrx_word' id='word_1_306' title='bbox 952 1909 988 1942; x_wconf 84' lang='lat' dir='ltr'><strong>ex</strong></span> <span class='ocrx_word' id='word_1_307' title='bbox 999 1909 1033 1942; x_wconf 86' lang='lat' dir='ltr'><strong>ea</strong></span> <span class='ocrx_word' id='word_1_308' title='bbox 1043 1899 1136 1949; x_wconf 70' lang='lat' dir='ltr'><strong>pane:</strong></span> <span class='ocrx_word' id='word_1_309' title='bbox 1154 1893 1405 1958; x_wconf 86' lang='lat' dir='ltr'><strong>cp.nullapa1te,18.</strong></span> <span class='ocrx_word' id='word_1_310' title='bbox 1416 1911 1439 1960; x_wconf 86' lang='lat'><strong>5.</strong></span> 
     </span>
    </p>

    <p class='ocr_par' dir='ltr' id='par_1_11' title="bbox 861 1959 1441 2796">
     <span class='ocr_line' id='line_1_38' title="bbox 897 1959 1437 2023; baseline 0 -15"><span class='ocrx_word' id='word_1_311' title='bbox 897 1972 935 2008; x_wconf 85' lang='lat' dir='ltr'><strong>ao.</strong></span> <span class='ocrx_word' id='word_1_312' title='bbox 954 1962 983 2008; x_wconf 85' lang='lat'><strong>0.</strong></span> <span class='ocrx_word' id='word_1_313' title='bbox 1002 1962 1121 2008; x_wconf 83' lang='lat' dir='ltr'><strong>caesari.</strong></span> <span class='ocrx_word' id='word_1_314' title='bbox 1166 1959 1214 2022; x_wconf 91' lang='lat' dir='ltr'><strong>Cp.</strong></span> <span class='ocrx_word' id='word_1_315' title='bbox 1226 1959 1293 2008; x_wconf 90' lang='lat' dir='ltr'><strong>Ann.</strong></span> <span class='ocrx_word' id='word_1_316' title='bbox 1305 1961 1357 2010; x_wconf 89' lang='lat' dir='ltr'><strong>xiii.</strong></span> <span class='ocrx_word' id='word_1_317' title='bbox 1371 1976 1394 2023; x_wconf 79' lang='lat'><strong>3,</strong></span> <span class='ocrx_word' id='word_1_318' title='bbox 1409 1974 1437 2008; x_wconf 91' lang='lat'><strong>11</strong></span> 
     </span>
     <span class='ocr_line' id='line_1_39' title="bbox 862 2024 1439 2076; baseline 0.002 -2"><span class='ocrx_word' id='word_1_319' title='bbox 862 2024 970 2074; x_wconf 87' lang='lat' dir='ltr'><strong>dictator</strong></span> <span class='ocrx_word' id='word_1_320' title='bbox 981 2024 1073 2074; x_wconf 75' lang='lat' dir='ltr'><strong>Caesar</strong></span> <span class='ocrx_word' id='word_1_321' title='bbox 1089 2025 1192 2073; x_wconf 88' lang='lat' dir='ltr'><strong>summis</strong></span> <span class='ocrx_word' id='word_1_322' title='bbox 1205 2026 1343 2074; x_wconf 87' lang='lat' dir='ltr'><strong>oratoribus</strong></span> <span class='ocrx_word' id='word_1_323' title='bbox 1354 2042 1439 2076; x_wconf 88' lang='lat' dir='ltr'><strong>aemu-</strong></span> 
     </span>
     <span class='ocr_line' id='line_1_40' title="bbox 862 2089 1440 2153; baseline 0.002 -15"><span class='ocrx_word' id='word_1_324' title='bbox 862 2090 907 2140; x_wconf 86' lang='lat' dir='ltr'><strong>lns</strong></span> <span class='ocrx_word' id='word_1_325' title='bbox 944 2089 978 2140; x_wconf 86' lang='lat' dir='ltr'><strong>So</strong></span> <span class='ocrx_word' id='word_1_326' title='bbox 996 2090 1081 2152; x_wconf 86' lang='lat' dir='ltr'><strong>Quint.</strong></span> <span class='ocrx_word' id='word_1_327' title='bbox 1093 2107 1117 2140; x_wconf 89' lang='lat' dir='ltr'><strong>x.</strong></span> <span class='ocrx_word' id='word_1_328' title='bbox 1132 2104 1154 2150; x_wconf 91' lang='lat'><strong>1,</strong></span> <span class='ocrx_word' id='word_1_329' title='bbox 1169 2103 1215 2153; x_wconf 82' lang='lat'><strong>114</strong></span> <span class='ocrx_word' id='word_1_330' title='bbox 1232 2090 1262 2140; x_wconf 91' lang='lat' dir='ltr'><strong>C.</strong></span> <span class='ocrx_word' id='word_1_331' title='bbox 1273 2106 1332 2140; x_wconf 91' lang='lat' dir='ltr'><strong>vero</strong></span> <span class='ocrx_word' id='word_1_332' title='bbox 1347 2092 1440 2142; x_wconf 85' lang='lat' dir='ltr'><strong>Caesar</strong></span> 
     </span>
     <span class='ocr_line' id='line_1_41' title="bbox 862 2156 1441 2216; baseline 0.003 -12"><span class='ocrx_word' id='word_1_333' title='bbox 862 2157 883 2204; x_wconf 92' lang='lat' dir='ltr'><strong>si</strong></span> <span class='ocrx_word' id='word_1_334' title='bbox 905 2156 960 2204; x_wconf 88' lang='lat' dir='ltr'><strong>foro</strong></span> <span class='ocrx_word' id='word_1_335' title='bbox 982 2163 1079 2204; x_wconf 90' lang='lat' dir='ltr'><strong>tautum</strong></span> <span class='ocrx_word' id='word_1_336' title='bbox 1105 2163 1224 2216; x_wconf 89' lang='lat' dir='ltr'><strong>vacasset,</strong></span> <span class='ocrx_word' id='word_1_337' title='bbox 1245 2171 1295 2205; x_wconf 88' lang='lat' dir='ltr'><strong>non</strong></span> <span class='ocrx_word' id='word_1_338' title='bbox 1322 2158 1386 2206; x_wconf 89' lang='lat' dir='ltr'><strong>alius</strong></span> <span class='ocrx_word' id='word_1_339' title='bbox 1408 2174 1441 2207; x_wconf 89' lang='lat' dir='ltr'><strong>ex</strong></span> 
     </span>
     <span class='ocr_line' id='line_1_42' title="bbox 861 2221 1439 2272; baseline 0.005 -3"><span class='ocrx_word' id='word_1_340' title='bbox 861 2222 953 2270; x_wconf 90' lang='lat' dir='ltr'><strong>uostris</strong></span> <span class='ocrx_word' id='word_1_341' title='bbox 981 2228 1066 2270; x_wconf 87' lang='lat' dir='ltr'><strong>contra</strong></span> <span class='ocrx_word' id='word_1_342' title='bbox 1089 2221 1235 2270; x_wconf 88' lang='lat' dir='ltr'><strong>Ciceronem</strong></span> <span class='ocrx_word' id='word_1_343' title='bbox 1261 2221 1439 2272; x_wconf 89' lang='lat' dir='ltr'><strong>nominaretur.</strong></span> 
     </span>
     <span class='ocr_line' id='line_1_43' title="bbox 864 2287 1439 2347; baseline 0.003 -13"><span class='ocrx_word' id='word_1_344' title='bbox 864 2287 946 2335; x_wconf 87' lang='lat' dir='ltr'><strong>Tanta</strong></span> <span class='ocrx_word' id='word_1_345' title='bbox 956 2288 983 2335; x_wconf 93' lang='lat' dir='ltr'><strong>iu</strong></span> <span class='ocrx_word' id='word_1_346' title='bbox 994 2303 1024 2335; x_wconf 89' lang='lat' dir='ltr'><strong>eo</strong></span> <span class='ocrx_word' id='word_1_347' title='bbox 1035 2287 1073 2336; x_wconf 85' lang='lat' dir='ltr'><strong>vis</strong></span> <span class='ocrx_word' id='word_1_348' title='bbox 1084 2295 1129 2344; x_wconf 86' lang='lat' dir='ltr'><strong>est,</strong></span> <span class='ocrx_word' id='word_1_349' title='bbox 1141 2287 1167 2335; x_wconf 89' lang='lat' dir='ltr'><strong>id</strong></span> <span class='ocrx_word' id='word_1_350' title='bbox 1184 2303 1295 2347; x_wconf 88' lang='lat' dir='ltr'><strong>acumen,</strong></span> <span class='ocrx_word' id='word_1_351' title='bbox 1308 2304 1338 2336; x_wconf 93' lang='lat' dir='ltr'><strong>ea</strong></span> <span class='ocrx_word' id='word_1_352' title='bbox 1355 2290 1439 2338; x_wconf 92' lang='lat' dir='ltr'><strong>conci·</strong></span> 
     </span>
     <span class='ocr_line' id='line_1_44' title="bbox 863 2353 1440 2418; baseline 0.002 -16"><span class='ocrx_word' id='word_1_353' title='bbox 863 2353 934 2412; x_wconf 87' lang='lat' dir='ltr'><strong>tatio,</strong></span> <span class='ocrx_word' id='word_1_354' title='bbox 948 2361 975 2400; x_wconf 91' lang='lat' dir='ltr'><strong>ut</strong></span> <span class='ocrx_word' id='word_1_355' title='bbox 992 2353 1064 2402; x_wconf 88' lang='lat' dir='ltr'><strong>illum</strong></span> <span class='ocrx_word' id='word_1_356' title='bbox 1081 2353 1170 2402; x_wconf 91' lang='lat' dir='ltr'><strong>eodem</strong></span> <span class='ocrx_word' id='word_1_357' title='bbox 1186 2353 1271 2401; x_wconf 87' lang='lat' dir='ltr'><strong>animo</strong></span> <span class='ocrx_word' id='word_1_358' title='bbox 1286 2353 1378 2403; x_wconf 86' lang='lat' dir='ltr'><strong>dixisse</strong></span> <span class='ocrx_word' id='word_1_359' title='bbox 1388 2370 1440 2418; x_wconf 90' lang='lat' dir='ltr'><strong>quo</strong></span> 
     </span>
     <span class='ocr_line' id='line_1_45' title="bbox 862 2417 1439 2482; baseline 0.005 -16"><span class='ocrx_word' id='word_1_360' title='bbox 862 2417 967 2467; x_wconf 86' lang='lat' dir='ltr'><strong>bellavit</strong></span> <span class='ocrx_word' id='word_1_361' title='bbox 986 2425 1119 2482; x_wconf 87' lang='lat' dir='ltr'><strong>appareat;</strong></span> <span class='ocrx_word' id='word_1_362' title='bbox 1145 2424 1249 2467; x_wconf 86' lang='lat' dir='ltr'><strong>exornat</strong></span> <span class='ocrx_word' id='word_1_363' title='bbox 1270 2425 1354 2468; x_wconf 86' lang='lat' dir='ltr'><strong>tamen</strong></span> <span class='ocrx_word' id='word_1_364' title='bbox 1376 2420 1439 2469; x_wconf 87' lang='lat' dir='ltr'><strong>haee</strong></span> 
     </span>
     <span class='ocr_line' id='line_1_46' title="bbox 864 2483 1438 2549; baseline 0.005 -18"><span class='ocrx_word' id='word_1_365' title='bbox 864 2484 949 2532; x_wconf 89' lang='lat' dir='ltr'><strong>omnia</strong></span> <span class='ocrx_word' id='word_1_366' title='bbox 982 2485 1045 2532; x_wconf 85' lang='lat' dir='ltr'><strong>mira</strong></span> <span class='ocrx_word' id='word_1_367' title='bbox 1077 2485 1206 2545; x_wconf 77' lang='lat' dir='ltr'><strong>sermoniS,</strong></span> <span class='ocrx_word' id='word_1_368' title='bbox 1234 2483 1304 2533; x_wconf 91' lang='lat' dir='ltr'><strong>cuius</strong></span> <span class='ocrx_word' id='word_1_369' title='bbox 1337 2486 1438 2549; x_wconf 88' lang='lat' dir='ltr'><strong>proprie</strong></span> 
     </span>
     <span class='ocr_line' id='line_1_47' title="bbox 862 2549 1438 2612; baseline 0 -14"><span class='ocrx_word' id='word_1_370' title='bbox 862 2549 987 2598; x_wconf 90' lang='lat' dir='ltr'><strong>studiosus</strong></span> <span class='ocrx_word' id='word_1_371' title='bbox 998 2549 1052 2610; x_wconf 92' lang='lat' dir='ltr'><strong>fuit,</strong></span> <span class='ocrx_word' id='word_1_372' title='bbox 1061 2549 1191 2612; x_wconf 85' lang='lat' dir='ltr'><strong>elegantia.</strong></span> <span class='ocrx_word' id='word_1_373' title='bbox 1225 2549 1279 2599; x_wconf 88' lang='lat' dir='ltr'><strong>Cic.</strong></span> <span class='ocrx_word' id='word_1_374' title='bbox 1290 2550 1356 2599; x_wconf 89' lang='lat' dir='ltr'><strong>Brut.</strong></span> <span class='ocrx_word' id='word_1_375' title='bbox 1367 2555 1379 2609; x_wconf 91' lang='lat'><strong>5</strong></span> <span class='ocrx_word' id='word_1_376' title='bbox 1390 2564 1438 2611; x_wconf 78' lang='lat'><strong>²5²</strong></span> 
     </span>
     <span class='ocr_line' id='line_1_48' title="bbox 862 2614 1440 2665; baseline 0.003 -3"><span class='ocrx_word' id='word_1_377' title='bbox 862 2615 899 2662; x_wconf 89' lang='lat' dir='ltr'><strong>ita</strong></span> <span class='ocrx_word' id='word_1_378' title='bbox 910 2614 995 2664; x_wconf 92' lang='lat' dir='ltr'><strong>iudico</strong></span> <span class='ocrx_word' id='word_1_379' title='bbox 1004 2651 1011 2664; x_wconf 87' lang='lat'><strong>.</strong></span> <span class='ocrx_word' id='word_1_380' title='bbox 1021 2652 1026 2663; x_wconf 90' lang='lat'><strong>.</strong></span> <span class='ocrx_word' id='word_1_381' title='bbox 1037 2614 1123 2663; x_wconf 91' lang='lat' dir='ltr'><strong>.illum</strong></span> <span class='ocrx_word' id='word_1_382' title='bbox 1133 2615 1244 2663; x_wconf 89' lang='lat' dir='ltr'><strong>omnium</strong></span> <span class='ocrx_word' id='word_1_383' title='bbox 1252 2614 1301 2664; x_wconf 92' lang='lat' dir='ltr'><strong>fere</strong></span> <span class='ocrx_word' id='word_1_384' title='bbox 1313 2623 1440 2665; x_wconf 89' lang='lat' dir='ltr'><strong>oratorum</strong></span> 
     </span>
     <span class='ocr_line' id='line_1_49' title="bbox 863 2679 1439 2744; baseline 0.003 -16"><span class='ocrx_word' id='word_1_385' title='bbox 863 2679 951 2729; x_wconf 89' lang='lat' dir='ltr'><strong>Latine</strong></span> <span class='ocrx_word' id='word_1_386' title='bbox 969 2681 1039 2744; x_wconf 91' lang='lat' dir='ltr'><strong>loqui</strong></span> <span class='ocrx_word' id='word_1_387' title='bbox 1056 2680 1256 2744; x_wconf 85' lang='lat' dir='ltr'><strong>elegantissime:</strong></span> <span class='ocrx_word' id='word_1_388' title='bbox 1284 2685 1296 2740; x_wconf 88' lang='lat'><strong>5</strong></span> <span class='ocrx_word' id='word_1_389' title='bbox 1320 2680 1365 2730; x_wconf 79' lang='lat'><strong>261</strong></span> <span class='ocrx_word' id='word_1_390' title='bbox 1387 2698 1439 2731; x_wconf 89' lang='lat' dir='ltr'><strong>non</strong></span> 
     </span>
     <span class='ocr_line' id='line_1_50' title="bbox 862 2745 1190 2796; baseline 0.006 -2"><span class='ocrx_word' id='word_1_391' title='bbox 862 2745 935 2794; x_wconf 91' lang='lat' dir='ltr'><strong>video</strong></span> <span class='ocrx_word' id='word_1_392' title='bbox 946 2747 987 2796; x_wconf 89' lang='lat' dir='ltr'><strong>eui</strong></span> <span class='ocrx_word' id='word_1_393' title='bbox 997 2747 1087 2795; x_wconf 87' lang='lat' dir='ltr'><strong>debeat</strong></span> <span class='ocrx_word' id='word_1_394' title='bbox 1099 2746 1190 2796; x_wconf 89' lang='lat' dir='ltr'><strong>cedere.</strong></span> 
     </span>
    </p>

    <p class='ocr_par' dir='ltr' id='par_1_12' title="bbox 862 2811 1441 3139">
     <span class='ocr_line' id='line_1_51' title="bbox 895 2811 1439 2876; baseline 0.004 -17"><span class='ocrx_word' id='word_1_395' title='bbox 895 2818 1018 2868; x_wconf 79' lang='lat' dir='ltr'><strong>propter.</strong></span> <span class='ocrx_word' id='word_1_396' title='bbox 1048 2812 1071 2860; x_wconf 96' lang='lat' dir='ltr'><strong>It</strong></span> <span class='ocrx_word' id='word_1_397' title='bbox 1082 2811 1103 2860; x_wconf 88' lang='lat' dir='ltr'><strong>is</strong></span> <span class='ocrx_word' id='word_1_398' title='bbox 1114 2812 1279 2876; x_wconf 87' lang='lat' dir='ltr'><strong>noteworthy,</strong></span> <span class='ocrx_word' id='word_1_399' title='bbox 1287 2827 1315 2860; x_wconf 90' lang='lat' dir='ltr'><strong>as</strong></span> <span class='ocrx_word' id='word_1_400' title='bbox 1325 2811 1439 2861; x_wconf 84' lang='lat' dir='ltr'><strong>differen-</strong></span> 
     </span>
     <span class='ocr_line' id='line_1_52' title="bbox 862 2877 1441 2940; baseline 0.003 -16"><span class='ocrx_word' id='word_1_401' title='bbox 862 2877 951 2940; x_wconf 90' lang='lat' dir='ltr'><strong>tiating</strong></span> <span class='ocrx_word' id='word_1_402' title='bbox 963 2877 1006 2926; x_wconf 91' lang='lat' dir='ltr'><strong>the</strong></span> <span class='ocrx_word' id='word_1_403' title='bbox 1022 2893 1098 2940; x_wconf 88' lang='lat' dir='ltr'><strong>usage</strong></span> <span class='ocrx_word' id='word_1_404' title='bbox 1110 2877 1139 2925; x_wconf 92' lang='lat' dir='ltr'><strong>of</strong></span> <span class='ocrx_word' id='word_1_405' title='bbox 1151 2877 1253 2928; x_wconf 87' lang='lat' dir='ltr'><strong>Tacitus</strong></span> <span class='ocrx_word' id='word_1_406' title='bbox 1267 2877 1333 2926; x_wconf 90' lang='lat' dir='ltr'><strong>from</strong></span> <span class='ocrx_word' id='word_1_407' title='bbox 1346 2878 1401 2926; x_wconf 90' lang='lat' dir='ltr'><strong>that</strong></span> <span class='ocrx_word' id='word_1_408' title='bbox 1413 2878 1441 2926; x_wconf 84' lang='lat' dir='ltr'><strong>of</strong></span> 
     </span>
     <span class='ocr_line' id='line_1_53' title="bbox 864 2942 1440 3007; baseline 0.002 -17"><span class='ocrx_word' id='word_1_409' title='bbox 864 2942 1155 3004; x_wconf 86' lang='lat' dir='ltr'><strong>Quintilian,thatwhile</strong></span> <span class='ocrx_word' id='word_1_410' title='bbox 1164 2944 1207 2992; x_wconf 91' lang='lat' dir='ltr'><strong>the</strong></span> <span class='ocrx_word' id='word_1_411' title='bbox 1215 2943 1289 2993; x_wconf 89' lang='lat' dir='ltr'><strong>latter</strong></span> <span class='ocrx_word' id='word_1_412' title='bbox 1297 2943 1440 3007; x_wconf 87' lang='lat' dir='ltr'><strong>constantly</strong></span> 
     </span>
     <span class='ocr_line' id='line_1_54' title="bbox 862 3009 1439 3072; baseline 0.003 -16"><span class='ocrx_word' id='word_1_413' title='bbox 862 3022 917 3056; x_wconf 89' lang='lat' dir='ltr'><strong>uses</strong></span> <span class='ocrx_word' id='word_1_414' title='bbox 934 3015 1038 3072; x_wconf 77' lang='lat' dir='ltr'><strong>propter</strong></span> <span class='ocrx_word' id='word_1_415' title='bbox 1053 3009 1079 3057; x_wconf 92' lang='lat' dir='ltr'><strong>in</strong></span> <span class='ocrx_word' id='word_1_416' title='bbox 1096 3024 1112 3057; x_wconf 88' lang='lat' dir='ltr'><strong>a</strong></span> <span class='ocrx_word' id='word_1_417' title='bbox 1131 3009 1216 3058; x_wconf 87' lang='lat' dir='ltr'><strong>causal</strong></span> <span class='ocrx_word' id='word_1_418' title='bbox 1238 3024 1316 3069; x_wconf 86' lang='lat' dir='ltr'><strong>sense,</strong></span> <span class='ocrx_word' id='word_1_419' title='bbox 1334 3009 1439 3058; x_wconf 84' lang='lat' dir='ltr'><strong>Tacitus</strong></span> 
     </span>
     <span class='ocr_line' id='line_1_55' title="bbox 862 3072 1438 3139; baseline 0.003 -17"><span class='ocrx_word' id='word_1_420' title='bbox 862 3072 956 3136; x_wconf 86' lang='lat' dir='ltr'><strong>always</strong></span> <span class='ocrx_word' id='word_1_421' title='bbox 978 3073 1069 3135; x_wconf 80' lang='lat' dir='ltr'><strong>prefers</strong></span> <span class='ocrx_word' id='word_1_422' title='bbox 1091 3074 1125 3136; x_wconf 84' lang='lat' dir='ltr'><strong>ob,</strong></span> <span class='ocrx_word' id='word_1_423' title='bbox 1148 3081 1236 3139; x_wconf 88' lang='lat' dir='ltr'><strong>except</strong></span> <span class='ocrx_word' id='word_1_424' title='bbox 1258 3075 1315 3125; x_wconf 89' lang='lat' dir='ltr'><strong>here</strong></span> <span class='ocrx_word' id='word_1_425' title='bbox 1338 3074 1389 3123; x_wconf 90' lang='lat' dir='ltr'><strong>and</strong></span> <span class='ocrx_word' id='word_1_426' title='bbox 1409 3074 1438 3124; x_wconf 89' lang='lat' dir='ltr'><strong>in</strong></span> 
     </span>
    </p>
   </div>
   <div class='ocr_carea' id='block_1_10' title="bbox 237 3139 1440 4517">
    <p class='ocr_par' dir='ltr' id='par_1_13' title="bbox 237 3139 1440 4517">
     <span class='ocr_line' id='line_1_56' title="bbox 238 3139 1044 3204; baseline 0.001 -15"><span class='ocrx_word' id='word_1_427' title='bbox 238 3146 389 3190; x_wconf 85' lang='lat' dir='ltr'><strong>consonents</strong></span> <span class='ocrx_word' id='word_1_428' title='bbox 399 3154 427 3186; x_wconf 88' lang='lat' dir='ltr'><strong>as</strong></span> <span class='ocrx_word' id='word_1_429' title='bbox 437 3139 495 3188; x_wconf 88' lang='lat' dir='ltr'><strong>well</strong></span> <span class='ocrx_word' id='word_1_430' title='bbox 506 3154 534 3186; x_wconf 87' lang='lat' dir='ltr'><strong>as</strong></span> <span class='ocrx_word' id='word_1_431' title='bbox 544 3139 587 3188; x_wconf 92' lang='lat' dir='ltr'><strong>the</strong></span> <span class='ocrx_word' id='word_1_432' title='bbox 596 3139 774 3204; x_wconf 87' lang='lat' dir='ltr'><strong>juxtaposition</strong></span> <span class='ocrx_word' id='word_1_433' title='bbox 786 3142 815 3189; x_wconf 84' lang='lat' dir='ltr'><strong>of</strong></span> <span class='ocrx_word' id='word_1_434' title='bbox 862 3139 930 3188; x_wconf 86' lang='lat' dir='ltr'><strong>Hist.</strong></span> <span class='ocrx_word' id='word_1_435' title='bbox 942 3139 959 3188; x_wconf 91' lang='lat' dir='ltr'><strong>i.</strong></span> <span class='ocrx_word' id='word_1_436' title='bbox 971 3139 1010 3202; x_wconf 85' lang='lat'><strong>65,</strong></span> <span class='ocrx_word' id='word_1_437' title='bbox 1022 3155 1044 3202; x_wconf 84' lang='lat'><strong>3.</strong></span> 
     </span>
     <span class='ocr_line' id='line_1_57' title="bbox 239 3205 1439 3269; baseline 0.001 -15"><span class='ocrx_word' id='word_1_438' title='bbox 239 3221 304 3269; x_wconf 92' lang='lat' dir='ltr'><strong>open</strong></span> <span class='ocrx_word' id='word_1_439' title='bbox 316 3205 405 3266; x_wconf 88' lang='lat' dir='ltr'><strong>words,</strong></span> <span class='ocrx_word' id='word_1_440' title='bbox 418 3208 434 3232; x_wconf 89' lang='lat'><strong>“</strong></span> <span class='ocrx_word' id='word_1_441' title='bbox 444 3213 471 3254; x_wconf 91' lang='lat' dir='ltr'><strong>ut</strong></span> <span class='ocrx_word' id='word_1_442' title='bbox 487 3219 548 3253; x_wconf 88' lang='lat' dir='ltr'><strong>neve</strong></span> <span class='ocrx_word' id='word_1_443' title='bbox 564 3219 634 3268; x_wconf 90' lang='lat' dir='ltr'><strong>asper</strong></span> <span class='ocrx_word' id='word_1_444' title='bbox 650 3221 735 3254; x_wconf 90' lang='lat' dir='ltr'><strong>eorum</strong></span> <span class='ocrx_word' id='word_1_445' title='bbox 753 3221 811 3255; x_wconf 92' lang='lat' dir='ltr'><strong>eon·</strong></span> <span class='ocrx_word' id='word_1_446' title='bbox 877 3262 879 3266; x_wconf 21' lang='lat'><strong><em>¹</em></strong></span> <span class='ocrx_word' id='word_1_447' title='bbox 894 3208 1120 3262; x_wconf 75' lang='lat' dir='ltr'><strong>magnitudinem</strong></span> <span class='ocrx_word' id='word_1_448' title='bbox 1136 3208 1347 3263; x_wconf 77' lang='lat' dir='ltr'><strong>cogitationum.</strong></span> <span class='ocrx_word' id='word_1_449' title='bbox 1382 3205 1439 3255; x_wconf 91' lang='lat' dir='ltr'><strong>The</strong></span> 
     </span>
     <span class='ocr_line' id='line_1_58' title="bbox 239 3267 1438 3335; baseline 0 -15"><span class='ocrx_word' id='word_1_450' title='bbox 239 3286 323 3320; x_wconf 90' lang='lat' dir='ltr'><strong>cursus</strong></span> <span class='ocrx_word' id='word_1_451' title='bbox 333 3285 394 3319; x_wconf 89' lang='lat' dir='ltr'><strong>neve</strong></span> <span class='ocrx_word' id='word_1_452' title='bbox 405 3270 503 3319; x_wconf 88' lang='lat' dir='ltr'><strong>hiulcus</strong></span> <span class='ocrx_word' id='word_1_453' title='bbox 511 3271 543 3319; x_wconf 93' lang='lat' dir='ltr'><strong>sit</strong></span> <span class='ocrx_word' id='word_1_454' title='bbox 551 3267 566 3290; x_wconf 87' lang='lat'><strong>&#39;’</strong></span> <span class='ocrx_word' id='word_1_455' title='bbox 580 3271 622 3335; x_wconf 84' lang='lat' dir='ltr'><strong>(de</strong></span> <span class='ocrx_word' id='word_1_456' title='bbox 633 3270 676 3321; x_wconf 90' lang='lat' dir='ltr'><strong>Or.</strong></span> <span class='ocrx_word' id='word_1_457' title='bbox 689 3271 725 3320; x_wconf 90' lang='lat' dir='ltr'><strong>iii.</strong></span> <span class='ocrx_word' id='word_1_458' title='bbox 738 3270 812 3333; x_wconf 81' lang='lat'><strong>171).&#39;</strong></span> <span class='ocrx_word' id='word_1_459' title='bbox 861 3285 930 3318; x_wconf 89' lang='lat' dir='ltr'><strong>same</strong></span> <span class='ocrx_word' id='word_1_460' title='bbox 976 3271 1047 3320; x_wconf 86' lang='lat' dir='ltr'><strong>hrase</strong></span> <span class='ocrx_word' id='word_1_461' title='bbox 1069 3273 1092 3319; x_wconf 92' lang='lat' dir='ltr'><strong>is</strong></span> <span class='ocrx_word' id='word_1_462' title='bbox 1119 3271 1181 3320; x_wconf 88' lang='lat' dir='ltr'><strong>used</strong></span> <span class='ocrx_word' id='word_1_463' title='bbox 1207 3272 1234 3320; x_wconf 92' lang='lat' dir='ltr'><strong>in</strong></span> <span class='ocrx_word' id='word_1_464' title='bbox 1261 3271 1382 3321; x_wconf 87' lang='lat' dir='ltr'><strong>reference</strong></span> <span class='ocrx_word' id='word_1_465' title='bbox 1409 3279 1438 3321; x_wconf 91' lang='lat' dir='ltr'><strong>to</strong></span> 
     </span>
     <span class='ocr_line' id='line_1_59' title="bbox 274 3334 1438 3403; baseline 0.003 -19"><span class='ocrx_word' id='word_1_466' title='bbox 274 3346 313 3400; x_wconf 72' lang='lat'><strong>17.</strong></span> <span class='ocrx_word' id='word_1_467' title='bbox 331 3339 472 3386; x_wconf 77' lang='lat' dir='ltr'><strong>inconditi</strong></span> <span class='ocrx_word' id='word_1_468' title='bbox 481 3349 587 3384; x_wconf 78' lang='lat' dir='ltr'><strong>sensus.</strong></span> <span class='ocrx_word' id='word_1_469' title='bbox 605 3335 668 3385; x_wconf 90' lang='lat' dir='ltr'><strong>This</strong></span> <span class='ocrx_word' id='word_1_470' title='bbox 678 3336 700 3385; x_wconf 91' lang='lat' dir='ltr'><strong>is</strong></span> <span class='ocrx_word' id='word_1_471' title='bbox 711 3337 754 3386; x_wconf 90' lang='lat' dir='ltr'><strong>the</strong></span> <span class='ocrx_word' id='word_1_472' title='bbox 765 3353 811 3403; x_wconf 91' lang='lat' dir='ltr'><strong>op·</strong></span> <span class='ocrx_word' id='word_1_473' title='bbox 861 3336 943 3385; x_wconf 89' lang='lat' dir='ltr'><strong>Caesa</strong></span> <span class='ocrx_word' id='word_1_474' title='bbox 964 3352 976 3385; x_wconf 93' lang='lat' dir='ltr'><strong>s</strong></span> <span class='ocrx_word' id='word_1_475' title='bbox 996 3339 1067 3386; x_wconf 85' lang='lat' dir='ltr'><strong>‘vast</strong></span> <span class='ocrx_word' id='word_1_476' title='bbox 1087 3334 1199 3401; x_wconf 89' lang='lat' dir='ltr'><strong>designs&#39;</strong></span> <span class='ocrx_word' id='word_1_477' title='bbox 1220 3338 1254 3401; x_wconf 90' lang='lat' dir='ltr'><strong>by</strong></span> <span class='ocrx_word' id='word_1_478' title='bbox 1270 3336 1391 3397; x_wconf 85' lang='lat' dir='ltr'><strong>Velleius,</strong></span> <span class='ocrx_word' id='word_1_479' title='bbox 1408 3338 1438 3387; x_wconf 85' lang='lat' dir='ltr'><strong>ii.</strong></span> 
     </span>
     <span class='ocr_line' id='line_1_60' title="bbox 239 3400 938 3468; baseline -0.004 -16"><span class='ocrx_word' id='word_1_480' title='bbox 239 3404 320 3468; x_wconf 91' lang='lat' dir='ltr'><strong>posite</strong></span> <span class='ocrx_word' id='word_1_481' title='bbox 332 3402 362 3451; x_wconf 93' lang='lat' dir='ltr'><strong>of</strong></span> <span class='ocrx_word' id='word_1_482' title='bbox 369 3404 408 3451; x_wconf 83' lang='lat'><strong>20.</strong></span> <span class='ocrx_word' id='word_1_483' title='bbox 424 3400 453 3450; x_wconf 88' lang='lat'><strong>16</strong></span> <span class='ocrx_word' id='word_1_484' title='bbox 465 3403 516 3451; x_wconf 90' lang='lat' dir='ltr'><strong>sive</strong></span> <span class='ocrx_word' id='word_1_485' title='bbox 528 3417 612 3450; x_wconf 88' lang='lat' dir='ltr'><strong>sensus</strong></span> <span class='ocrx_word' id='word_1_486' title='bbox 624 3401 714 3467; x_wconf 89' lang='lat' dir='ltr'><strong>aliquis</strong></span> <span class='ocrx_word' id='word_1_487' title='bbox 725 3409 812 3466; x_wconf 83' lang='lat' dir='ltr'><strong>arguta</strong></span> <span class='ocrx_word' id='word_1_488' title='bbox 860 3415 902 3465; x_wconf 90' lang='lat'><strong>41,</strong></span> <span class='ocrx_word' id='word_1_489' title='bbox 917 3416 938 3450; x_wconf 92' lang='lat'><strong>1.</strong></span> 
     </span>
     <span class='ocr_line' id='line_1_61' title="bbox 238 3466 1440 3532; baseline -0.002 -14"><span class='ocrx_word' id='word_1_490' title='bbox 238 3475 264 3518; x_wconf 90' lang='lat' dir='ltr'><strong>et</strong></span> <span class='ocrx_word' id='word_1_491' title='bbox 275 3467 343 3518; x_wconf 90' lang='lat' dir='ltr'><strong>brevi</strong></span> <span class='ocrx_word' id='word_1_492' title='bbox 360 3468 481 3516; x_wconf 89' lang='lat' dir='ltr'><strong>sententia</strong></span> <span class='ocrx_word' id='word_1_493' title='bbox 497 3466 602 3517; x_wconf 88' lang='lat' dir='ltr'><strong>effulsit:</strong></span> <span class='ocrx_word' id='word_1_494' title='bbox 626 3474 656 3517; x_wconf 93' lang='lat' dir='ltr'><strong>tr.</strong></span> <span class='ocrx_word' id='word_1_495' title='bbox 669 3468 812 3532; x_wconf 89' lang='lat' dir='ltr'><strong>‘shapeless</strong></span> <span class='ocrx_word' id='word_1_496' title='bbox 894 3471 1093 3526; x_wconf 81' lang='lat' dir='ltr'><strong>oocupatlones</strong></span> <span class='ocrx_word' id='word_1_497' title='bbox 1104 3483 1213 3517; x_wconf 81' lang='lat' dir='ltr'><strong>rerum:</strong></span> <span class='ocrx_word' id='word_1_498' title='bbox 1230 3467 1440 3532; x_wconf 86' lang='lat' dir='ltr'><strong>his‘absorption</strong></span> 
     </span>
     <span class='ocr_line' id='line_1_62' title="bbox 239 3532 1438 3599; baseline -0.001 -16"><span class='ocrx_word' id='word_1_499' title='bbox 239 3534 472 3599; x_wconf 73' lang='lat' dir='ltr'><strong>periods,&#39;-semw</strong></span> <span class='ocrx_word' id='word_1_500' title='bbox 489 3533 563 3596; x_wconf 91' lang='lat' dir='ltr'><strong>being</strong></span> <span class='ocrx_word' id='word_1_501' title='bbox 578 3532 636 3582; x_wconf 91' lang='lat' dir='ltr'><strong>here</strong></span> <span class='ocrx_word' id='word_1_502' title='bbox 653 3533 714 3582; x_wconf 91' lang='lat' dir='ltr'><strong>used</strong></span> <span class='ocrx_word' id='word_1_503' title='bbox 728 3533 758 3582; x_wconf 86' lang='lat' dir='ltr'><strong>of</strong></span> <span class='ocrx_word' id='word_1_504' title='bbox 770 3534 813 3584; x_wconf 90' lang='lat' dir='ltr'><strong>the</strong></span> <span class='ocrx_word' id='word_1_505' title='bbox 862 3533 888 3581; x_wconf 94' lang='lat' dir='ltr'><strong>in</strong></span> <span class='ocrx_word' id='word_1_506' title='bbox 905 3532 1004 3582; x_wconf 66' lang='lat' dir='ltr'><strong>affairs!</strong></span> <span class='ocrx_word' id='word_1_507' title='bbox 1038 3534 1087 3582; x_wconf 90' lang='lat' dir='ltr'><strong>For</strong></span> <span class='ocrx_word' id='word_1_508' title='bbox 1103 3534 1147 3583; x_wconf 91' lang='lat' dir='ltr'><strong>the</strong></span> <span class='ocrx_word' id='word_1_509' title='bbox 1163 3549 1221 3596; x_wconf 91' lang='lat' dir='ltr'><strong>gen.</strong></span> <span class='ocrx_word' id='word_1_510' title='bbox 1237 3550 1276 3598; x_wconf 88' lang='lat' dir='ltr'><strong>cp.</strong></span> <span class='ocrx_word' id='word_1_511' title='bbox 1289 3535 1359 3583; x_wconf 85' lang='lat' dir='ltr'><strong>Caes</strong></span> <span class='ocrx_word' id='word_1_512' title='bbox 1373 3532 1438 3582; x_wconf 91' lang='lat' dir='ltr'><strong>Bell.</strong></span> 
     </span>
     <span class='ocr_line' id='line_1_63' title="bbox 238 3598 1439 3664; baseline 0 -16"><span class='ocrx_word' id='word_1_513' title='bbox 238 3599 348 3649; x_wconf 85' lang='lat' dir='ltr'><strong>external</strong></span> <span class='ocrx_word' id='word_1_514' title='bbox 370 3599 433 3648; x_wconf 93' lang='lat' dir='ltr'><strong>form</strong></span> <span class='ocrx_word' id='word_1_515' title='bbox 453 3599 478 3647; x_wconf 90' lang='lat' dir='ltr'><strong>in</strong></span> <span class='ocrx_word' id='word_1_516' title='bbox 497 3599 580 3647; x_wconf 89' lang='lat' dir='ltr'><strong>which</strong></span> <span class='ocrx_word' id='word_1_517' title='bbox 601 3600 644 3648; x_wconf 90' lang='lat' dir='ltr'><strong>the</strong></span> <span class='ocrx_word' id='word_1_518' title='bbox 666 3599 773 3664; x_wconf 87' lang='lat' dir='ltr'><strong>thought</strong></span> <span class='ocrx_word' id='word_1_519' title='bbox 791 3600 812 3648; x_wconf 87' lang='lat' dir='ltr'><strong>is</strong></span> <span class='ocrx_word' id='word_1_520' title='bbox 863 3598 930 3648; x_wconf 83' lang='lat' dir='ltr'><strong>Gall.</strong></span> <span class='ocrx_word' id='word_1_521' title='bbox 948 3599 980 3648; x_wconf 90' lang='lat' dir='ltr'><strong>iv.</strong></span> <span class='ocrx_word' id='word_1_522' title='bbox 999 3598 1028 3648; x_wconf 93' lang='lat'><strong>16</strong></span> <span class='ocrx_word' id='word_1_523' title='bbox 1048 3599 1251 3664; x_wconf 85' lang='lat' dir='ltr'><strong>occupationibus</strong></span> <span class='ocrx_word' id='word_1_524' title='bbox 1271 3599 1439 3663; x_wconf 89' lang='lat' dir='ltr'><strong>reipublicae</strong></span> 
     </span>
     <span class='ocr_line' id='line_1_64' title="bbox 239 3663 1438 3730; baseline -0.003 -16"><span class='ocrx_word' id='word_1_525' title='bbox 239 3663 371 3728; x_wconf 90' lang='lat' dir='ltr'><strong>conveyed.</strong></span> <span class='ocrx_word' id='word_1_526' title='bbox 406 3666 452 3728; x_wconf 90' lang='lat' dir='ltr'><strong>Cp.</strong></span> <span class='ocrx_word' id='word_1_527' title='bbox 472 3663 525 3713; x_wconf 90' lang='lat' dir='ltr'><strong>Cic.</strong></span> <span class='ocrx_word' id='word_1_528' title='bbox 543 3664 586 3713; x_wconf 90' lang='lat' dir='ltr'><strong>Or.</strong></span> <span class='ocrx_word' id='word_1_529' title='bbox 606 3667 812 3730; x_wconf 88' lang='lat' dir='ltr'><strong>5150quamvis</strong></span> <span class='ocrx_word' id='word_1_530' title='bbox 862 3664 1048 3728; x_wconf 85' lang='lat' dir='ltr'><strong>prohiberetur:</strong></span> <span class='ocrx_word' id='word_1_531' title='bbox 1076 3665 1111 3714; x_wconf 92' lang='lat' dir='ltr'><strong>ib.</strong></span> <span class='ocrx_word' id='word_1_532' title='bbox 1137 3680 1182 3714; x_wconf 81' lang='lat'><strong>22:</strong></span> <span class='ocrx_word' id='word_1_533' title='bbox 1212 3665 1267 3714; x_wconf 90' lang='lat' dir='ltr'><strong>Cic.</strong></span> <span class='ocrx_word' id='word_1_534' title='bbox 1290 3665 1322 3713; x_wconf 89' lang='lat' dir='ltr'><strong>de</strong></span> <span class='ocrx_word' id='word_1_535' title='bbox 1348 3665 1393 3714; x_wconf 91' lang='lat' dir='ltr'><strong>Or.</strong></span> <span class='ocrx_word' id='word_1_536' title='bbox 1414 3678 1438 3724; x_wconf 91' lang='lat'><strong>1,</strong></span> 
     </span>
     <span class='ocr_line' id='line_1_65' title="bbox 238 3730 1440 3794; baseline 0.001 -15"><span class='ocrx_word' id='word_1_537' title='bbox 238 3732 304 3780; x_wconf 91' lang='lat' dir='ltr'><strong>enim</strong></span> <span class='ocrx_word' id='word_1_538' title='bbox 321 3745 407 3778; x_wconf 87' lang='lat' dir='ltr'><strong>suaves</strong></span> <span class='ocrx_word' id='word_1_539' title='bbox 422 3745 557 3794; x_wconf 86' lang='lat' dir='ltr'><strong>gravesque</strong></span> <span class='ocrx_word' id='word_1_540' title='bbox 573 3730 716 3789; x_wconf 89' lang='lat' dir='ltr'><strong>sententiae,</strong></span> <span class='ocrx_word' id='word_1_541' title='bbox 731 3737 813 3779; x_wconf 89' lang='lat' dir='ltr'><strong>tamen</strong></span> <span class='ocrx_word' id='word_1_542' title='bbox 864 3734 877 3788; x_wconf 90' lang='lat'><strong>5</strong></span> <span class='ocrx_word' id='word_1_543' title='bbox 897 3743 924 3776; x_wconf 83' lang='grc'><strong>11</strong></span> <span class='ocrx_word' id='word_1_544' title='bbox 944 3731 971 3779; x_wconf 93' lang='lat' dir='ltr'><strong>in</strong></span> <span class='ocrx_word' id='word_1_545' title='bbox 988 3731 1035 3781; x_wconf 88' lang='lat' dir='ltr'><strong>hac</strong></span> <span class='ocrx_word' id='word_1_546' title='bbox 1055 3737 1125 3780; x_wconf 83' lang='lat' dir='ltr'><strong>tauta</strong></span> <span class='ocrx_word' id='word_1_547' title='bbox 1143 3731 1305 3794; x_wconf 90' lang='lat' dir='ltr'><strong>occupatione</strong></span> <span class='ocrx_word' id='word_1_548' title='bbox 1322 3730 1390 3779; x_wconf 90' lang='lat' dir='ltr'><strong>urbis</strong></span> <span class='ocrx_word' id='word_1_549' title='bbox 1407 3745 1440 3780; x_wconf 80' lang='lat' dir='ltr'><strong>ac</strong></span> 
     </span>
     <span class='ocr_line' id='line_1_66' title="bbox 239 3795 934 3856; baseline 0 -12"><span class='ocrx_word' id='word_1_550' title='bbox 239 3797 260 3844; x_wconf 90' lang='lat' dir='ltr'><strong>si</strong></span> <span class='ocrx_word' id='word_1_551' title='bbox 279 3796 412 3844; x_wconf 89' lang='lat' dir='ltr'><strong>inconditis</strong></span> <span class='ocrx_word' id='word_1_552' title='bbox 430 3796 511 3845; x_wconf 88' lang='lat' dir='ltr'><strong>verbis</strong></span> <span class='ocrx_word' id='word_1_553' title='bbox 528 3795 668 3856; x_wconf 79' lang='lat' dir='ltr'><strong>efferuntur,</strong></span> <span class='ocrx_word' id='word_1_554' title='bbox 685 3795 813 3846; x_wconf 83' lang='lat' dir='ltr'><strong>offendunt</strong></span> <span class='ocrx_word' id='word_1_555' title='bbox 862 3796 934 3844; x_wconf 85' lang='lat' dir='ltr'><strong>vitae.</strong></span> 
     </span>
     <span class='ocr_line' id='line_1_67' title="bbox 239 3860 1440 3925; baseline 0.001 -15"><span class='ocrx_word' id='word_1_556' title='bbox 239 3877 324 3910; x_wconf 85' lang='lat' dir='ltr'><strong>aures:</strong></span> <span class='ocrx_word' id='word_1_557' title='bbox 342 3861 373 3909; x_wconf 89' lang='lat' dir='ltr'><strong>de</strong></span> <span class='ocrx_word' id='word_1_558' title='bbox 384 3862 428 3910; x_wconf 91' lang='lat' dir='ltr'><strong>Or.</strong></span> <span class='ocrx_word' id='word_1_559' title='bbox 438 3861 556 3924; x_wconf 73' lang='lat' dir='ltr'><strong>iii.51&#39;,·3</strong></span> <span class='ocrx_word' id='word_1_560' title='bbox 568 3861 681 3925; x_wconf 89' lang='lat' dir='ltr'><strong>princeps</strong></span> <span class='ocrx_word' id='word_1_561' title='bbox 691 3861 813 3911; x_wconf 86' lang='lat' dir='ltr'><strong>Isocrates</strong></span> <span class='ocrx_word' id='word_1_562' title='bbox 896 3874 934 3910; x_wconf 83' lang='lat'><strong>21.</strong></span> <span class='ocrx_word' id='word_1_563' title='bbox 952 3863 1082 3910; x_wconf 82' lang='lat' dir='ltr'><strong>divinum</strong></span> <span class='ocrx_word' id='word_1_564' title='bbox 1110 3865 1171 3910; x_wconf 85' lang='lat' dir='ltr'><strong>elus</strong></span> <span class='ocrx_word' id='word_1_565' title='bbox 1198 3865 1353 3918; x_wconf 71' lang='lat' dir='ltr'><strong>ingenium.</strong></span> <span class='ocrx_word' id='word_1_566' title='bbox 1403 3860 1440 3911; x_wconf 88' lang='lat' dir='ltr'><strong>So</strong></span> 
     </span>
     <span class='ocr_line' id='line_1_68' title="bbox 238 3925 1439 3992; baseline 0.001 -16"><span class='ocrx_word' id='word_1_567' title='bbox 238 3927 373 3976; x_wconf 89' lang='lat' dir='ltr'><strong>instituisse</strong></span> <span class='ocrx_word' id='word_1_568' title='bbox 383 3927 458 3976; x_wconf 86' lang='lat' dir='ltr'><strong>fertur</strong></span> <span class='ocrx_word' id='word_1_569' title='bbox 464 3933 490 3976; x_wconf 93' lang='lat' dir='ltr'><strong>ut</strong></span> <span class='ocrx_word' id='word_1_570' title='bbox 496 3926 648 3977; x_wconf 87' lang='lat' dir='ltr'><strong>inconditam</strong></span> <span class='ocrx_word' id='word_1_571' title='bbox 656 3927 813 3992; x_wconf 86' lang='lat' dir='ltr'><strong>antiquorum</strong></span> <span class='ocrx_word' id='word_1_572' title='bbox 862 3925 983 3987; x_wconf 90' lang='lat' dir='ltr'><strong>Velleius,</strong></span> <span class='ocrx_word' id='word_1_573' title='bbox 995 3927 1011 3975; x_wconf 93' lang='lat' dir='ltr'><strong>l.</strong></span> <span class='ocrx_word' id='word_1_574' title='bbox 1024 3943 1056 3988; x_wconf 90' lang='lat' dir='ltr'><strong>e.,</strong></span> <span class='ocrx_word' id='word_1_575' title='bbox 1069 3928 1167 3976; x_wconf 91' lang='lat' dir='ltr'><strong>‘animo</strong></span> <span class='ocrx_word' id='word_1_576' title='bbox 1178 3942 1251 3990; x_wconf 90' lang='lat' dir='ltr'><strong>super</strong></span> <span class='ocrx_word' id='word_1_577' title='bbox 1261 3926 1397 3976; x_wconf 89' lang='lat' dir='ltr'><strong>humanam</strong></span> <span class='ocrx_word' id='word_1_578' title='bbox 1412 3936 1439 3977; x_wconf 91' lang='lat' dir='ltr'><strong>et</strong></span> 
     </span>
     <span class='ocr_line' id='line_1_69' title="bbox 238 3991 1221 4043; baseline 0 -1"><span class='ocrx_word' id='word_1_579' title='bbox 238 3993 337 4042; x_wconf 89' lang='lat' dir='ltr'><strong>dicendi</strong></span> <span class='ocrx_word' id='word_1_580' title='bbox 348 3992 548 4042; x_wconf 89' lang='lat' dir='ltr'><strong>consuetudinem</strong></span> <span class='ocrx_word' id='word_1_581' title='bbox 560 4027 597 4042; x_wconf 87' lang='lat'><strong>...</strong></span> <span class='ocrx_word' id='word_1_582' title='bbox 608 3992 715 4042; x_wconf 91' lang='lat' dir='ltr'><strong>numeris</strong></span> <span class='ocrx_word' id='word_1_583' title='bbox 725 3993 812 4042; x_wconf 85' lang='lat' dir='ltr'><strong>astrin-</strong></span> <span class='ocrx_word' id='word_1_584' title='bbox 861 3999 974 4041; x_wconf 88' lang='lat' dir='ltr'><strong>naturam</strong></span> <span class='ocrx_word' id='word_1_585' title='bbox 987 4001 1011 4042; x_wconf 90' lang='lat' dir='ltr'><strong>et</strong></span> <span class='ocrx_word' id='word_1_586' title='bbox 1022 3992 1097 4042; x_wconf 88' lang='lat' dir='ltr'><strong>fidem</strong></span> <span class='ocrx_word' id='word_1_587' title='bbox 1108 3991 1221 4043; x_wconf 88' lang='lat' dir='ltr'><strong>evectus&#39;</strong></span> 
     </span>
     <span class='ocr_line' id='line_1_70' title="bbox 239 4057 1438 4123; baseline -0.002 -15"><span class='ocrx_word' id='word_1_588' title='bbox 239 4066 317 4123; x_wconf 89' lang='lat' dir='ltr'><strong>geret.</strong></span> <span class='ocrx_word' id='word_1_589' title='bbox 343 4058 377 4108; x_wconf 90' lang='lat' dir='ltr'><strong>So</strong></span> <span class='ocrx_word' id='word_1_590' title='bbox 387 4060 447 4122; x_wconf 86' lang='lat' dir='ltr'><strong>Agr.</strong></span> <span class='ocrx_word' id='word_1_591' title='bbox 455 4057 581 4123; x_wconf 81' lang='lat' dir='ltr'><strong>iii.17vel</strong></span> <span class='ocrx_word' id='word_1_592' title='bbox 590 4058 812 4109; x_wconf 88' lang='lat' dir='ltr'><strong>inconditaetrudi</strong></span> <span class='ocrx_word' id='word_1_593' title='bbox 897 4071 935 4107; x_wconf 80' lang='lat' dir='ltr'><strong>aa.</strong></span> <span class='ocrx_word' id='word_1_594' title='bbox 960 4062 1090 4107; x_wconf 86' lang='lat' dir='ltr'><strong>Brutum.</strong></span> <span class='ocrx_word' id='word_1_595' title='bbox 1130 4058 1176 4107; x_wconf 89' lang='lat' dir='ltr'><strong>See</strong></span> <span class='ocrx_word' id='word_1_596' title='bbox 1198 4074 1231 4107; x_wconf 93' lang='lat' dir='ltr'><strong>on</strong></span> <span class='ocrx_word' id='word_1_597' title='bbox 1256 4057 1295 4111; x_wconf 81' lang='lat'><strong>17.</strong></span> <span class='ocrx_word' id='word_1_598' title='bbox 1319 4071 1343 4120; x_wconf 92' lang='lat'><strong>4.</strong></span> <span class='ocrx_word' id='word_1_599' title='bbox 1389 4057 1438 4121; x_wconf 90' lang='lat' dir='ltr'><strong>Cp.</strong></span> 
     </span>
     <span class='ocr_line' id='line_1_71' title="bbox 237 4123 1440 4188; baseline -0.001 -15"><span class='ocrx_word' id='word_1_600' title='bbox 237 4140 306 4174; x_wconf 89' lang='lat' dir='ltr'><strong>voce.</strong></span> <span class='ocrx_word' id='word_1_601' title='bbox 863 4123 947 4187; x_wconf 90' lang='lat' dir='ltr'><strong>Quint.</strong></span> <span class='ocrx_word' id='word_1_602' title='bbox 960 4140 983 4172; x_wconf 92' lang='lat' dir='ltr'><strong>x.</strong></span> <span class='ocrx_word' id='word_1_603' title='bbox 997 4138 1019 4184; x_wconf 90' lang='lat'><strong>1,</strong></span> <span class='ocrx_word' id='word_1_604' title='bbox 1033 4137 1079 4186; x_wconf 77' lang='lat'><strong>123</strong></span> <span class='ocrx_word' id='word_1_605' title='bbox 1097 4124 1219 4188; x_wconf 86' lang='lat' dir='ltr'><strong>Egregius</strong></span> <span class='ocrx_word' id='word_1_606' title='bbox 1233 4139 1293 4172; x_wconf 85' lang='lat' dir='ltr'><strong>vero</strong></span> <span class='ocrx_word' id='word_1_607' title='bbox 1309 4123 1440 4188; x_wconf 82' lang='lat' dir='ltr'><strong>multuque</strong></span> 
     </span>
     <span class='ocr_line' id='line_1_72' title="bbox 274 4189 1439 4254; baseline -0.002 -15"><span class='ocrx_word' id='word_1_608' title='bbox 274 4191 312 4240; x_wconf 93' lang='lat'><strong>18.</strong></span> <span class='ocrx_word' id='word_1_609' title='bbox 331 4193 461 4239; x_wconf 85' lang='lat' dir='ltr'><strong>redolent</strong></span> <span class='ocrx_word' id='word_1_610' title='bbox 470 4190 489 4253; x_wconf 87' lang='lat'><strong>(‘</strong></span> <span class='ocrx_word' id='word_1_611' title='bbox 497 4205 587 4239; x_wconf 89' lang='lat' dir='ltr'><strong>savour</strong></span> <span class='ocrx_word' id='word_1_612' title='bbox 598 4189 627 4240; x_wconf 91' lang='lat' dir='ltr'><strong>of</strong></span> <span class='ocrx_word' id='word_1_613' title='bbox 632 4190 651 4252; x_wconf 80' lang='lat'><strong>³)</strong></span> <span class='ocrx_word' id='word_1_614' title='bbox 662 4192 812 4247; x_wconf 82' lang='lat' dir='ltr'><strong>antiquita·</strong></span> <span class='ocrx_word' id='word_1_615' title='bbox 862 4205 936 4252; x_wconf 86' lang='lat' dir='ltr'><strong>quam</strong></span> <span class='ocrx_word' id='word_1_616' title='bbox 955 4189 980 4237; x_wconf 93' lang='lat' dir='ltr'><strong>in</strong></span> <span class='ocrx_word' id='word_1_617' title='bbox 998 4189 1150 4239; x_wconf 91' lang='lat' dir='ltr'><strong>orationibus</strong></span> <span class='ocrx_word' id='word_1_618' title='bbox 1166 4189 1331 4254; x_wconf 86' lang='lat' dir='ltr'><strong>praestantior</strong></span> <span class='ocrx_word' id='word_1_619' title='bbox 1347 4189 1439 4237; x_wconf 90' lang='lat' dir='ltr'><strong>Brutus</strong></span> 
     </span>
     <span class='ocr_line' id='line_1_73' title="bbox 238 4253 1438 4319; baseline -0.001 -14"><span class='ocrx_word' id='word_1_620' title='bbox 238 4261 305 4305; x_wconf 81' lang='lat' dir='ltr'><strong>tam.</strong></span> <span class='ocrx_word' id='word_1_621' title='bbox 322 4255 356 4305; x_wconf 91' lang='lat' dir='ltr'><strong>So</strong></span> <span class='ocrx_word' id='word_1_622' title='bbox 364 4256 417 4306; x_wconf 86' lang='lat' dir='ltr'><strong>Oic.</strong></span> <span class='ocrx_word' id='word_1_623' title='bbox 426 4255 679 4314; x_wconf 78' lang='lat' dir='ltr'><strong>Bmt.582exiliores</strong></span> <span class='ocrx_word' id='word_1_624' title='bbox 688 4255 812 4304; x_wconf 85' lang='lat' dir='ltr'><strong>orationes</strong></span> <span class='ocrx_word' id='word_1_625' title='bbox 861 4253 956 4304; x_wconf 82' lang='lat' dir='ltr'><strong>suffecit</strong></span> <span class='ocrx_word' id='word_1_626' title='bbox 967 4255 1071 4319; x_wconf 90' lang='lat' dir='ltr'><strong>ponderi</strong></span> <span class='ocrx_word' id='word_1_627' title='bbox 1083 4271 1178 4307; x_wconf 87' lang='lat' dir='ltr'><strong>rerum:</strong></span> <span class='ocrx_word' id='word_1_628' title='bbox 1196 4256 1260 4305; x_wconf 90' lang='lat' dir='ltr'><strong>scias</strong></span> <span class='ocrx_word' id='word_1_629' title='bbox 1273 4270 1330 4304; x_wconf 91' lang='lat' dir='ltr'><strong>enm</strong></span> <span class='ocrx_word' id='word_1_630' title='bbox 1347 4255 1438 4304; x_wconf 87' lang='lat' dir='ltr'><strong>sentire</strong></span> 
     </span>
     <span class='ocr_line' id='line_1_74' title="bbox 239 4321 1002 4384; baseline -0.005 -12"><span class='ocrx_word' id='word_1_631' title='bbox 239 4330 296 4372; x_wconf 90' lang='lat' dir='ltr'><strong>sunt</strong></span> <span class='ocrx_word' id='word_1_632' title='bbox 308 4329 332 4372; x_wconf 93' lang='lat' dir='ltr'><strong>et</strong></span> <span class='ocrx_word' id='word_1_633' title='bbox 343 4322 482 4371; x_wconf 88' lang='lat' dir='ltr'><strong>redolentes</strong></span> <span class='ocrx_word' id='word_1_634' title='bbox 492 4321 573 4384; x_wconf 88' lang='lat' dir='ltr'><strong>magis</strong></span> <span class='ocrx_word' id='word_1_635' title='bbox 583 4321 763 4384; x_wconf 87' lang='lat' dir='ltr'><strong>antiquitatem.</strong></span> <span class='ocrx_word' id='word_1_636' title='bbox 859 4335 923 4384; x_wconf 87' lang='lat' dir='ltr'><strong>quae</strong></span> <span class='ocrx_word' id='word_1_637' title='bbox 934 4321 1002 4370; x_wconf 89' lang='lat' dir='ltr'><strong>dicit.</strong></span> 
     </span>
     <span class='ocr_line' id='line_1_75' title="bbox 272 4385 1437 4448; baseline 0.002 -14"><span class='ocrx_word' id='word_1_638' title='bbox 272 4390 472 4446; x_wconf 83' lang='lat' dir='ltr'><strong>antiquarium,</strong></span> <span class='ocrx_word' id='word_1_639' title='bbox 498 4386 572 4434; x_wconf 85' lang='lat' dir='ltr'><strong>‘fond</strong></span> <span class='ocrx_word' id='word_1_640' title='bbox 595 4387 624 4435; x_wconf 81' lang='lat' dir='ltr'><strong>ot</strong></span> <span class='ocrx_word' id='word_1_641' title='bbox 649 4386 745 4436; x_wconf 87' lang='lat' dir='ltr'><strong>ancient</strong></span> <span class='ocrx_word' id='word_1_642' title='bbox 768 4401 811 4434; x_wconf 90' lang='lat' dir='ltr'><strong>au·</strong></span> <span class='ocrx_word' id='word_1_643' title='bbox 896 4401 934 4448; x_wconf 83' lang='grc'><strong>14.</strong></span> <span class='ocrx_word' id='word_1_644' title='bbox 952 4388 1114 4436; x_wconf 67' lang='lat' dir='ltr'><strong>nistresis:</strong></span> <span class='ocrx_word' id='word_1_645' title='bbox 1139 4385 1182 4435; x_wconf 92' lang='lat' dir='ltr'><strong>the</strong></span> <span class='ocrx_word' id='word_1_646' title='bbox 1200 4385 1271 4435; x_wconf 90' lang='lat' dir='ltr'><strong>other</strong></span> <span class='ocrx_word' id='word_1_647' title='bbox 1290 4385 1437 4436; x_wconf 84' lang='lat' dir='ltr'><strong>alternative</strong></span> 
     </span>
     <span class='ocr_line' id='line_1_76' title="bbox 239 4450 1437 4517; baseline 0 -15"><span class='ocrx_word' id='word_1_648' title='bbox 239 4451 323 4502; x_wconf 84' lang='lat' dir='ltr'><strong>thors&#39;</strong></span> <span class='ocrx_word' id='word_1_649' title='bbox 357 4452 420 4502; x_wconf 85' lang='lat' dir='ltr'><strong>This</strong></span> <span class='ocrx_word' id='word_1_650' title='bbox 437 4451 514 4514; x_wconf 86' lang='lat' dir='ltr'><strong>word,</strong></span> <span class='ocrx_word' id='word_1_651' title='bbox 532 4451 614 4501; x_wconf 86' lang='lat' dir='ltr'><strong>which</strong></span> <span class='ocrx_word' id='word_1_652' title='bbox 633 4450 654 4501; x_wconf 92' lang='lat' dir='ltr'><strong>is</strong></span> <span class='ocrx_word' id='word_1_653' title='bbox 671 4458 715 4501; x_wconf 88' lang='lat' dir='ltr'><strong>not</strong></span> <span class='ocrx_word' id='word_1_654' title='bbox 734 4451 811 4501; x_wconf 82' lang='lat' dir='ltr'><strong>found</strong></span> <span class='ocrx_word' id='word_1_655' title='bbox 860 4452 947 4501; x_wconf 90' lang='lat' dir='ltr'><strong>would</strong></span> <span class='ocrx_word' id='word_1_656' title='bbox 963 4452 1061 4502; x_wconf 87' lang='lat' dir='ltr'><strong>involve</strong></span> <span class='ocrx_word' id='word_1_657' title='bbox 1079 4453 1121 4502; x_wconf 91' lang='lat' dir='ltr'><strong>the</strong></span> <span class='ocrx_word' id='word_1_658' title='bbox 1139 4452 1296 4517; x_wconf 86' lang='lat' dir='ltr'><strong>supposition</strong></span> <span class='ocrx_word' id='word_1_659' title='bbox 1313 4451 1375 4511; x_wconf 85' lang='lat' dir='ltr'><strong>that,</strong></span> <span class='ocrx_word' id='word_1_660' title='bbox 1391 4455 1437 4502; x_wconf 73' lang='lat' dir='ltr'><strong>&amp;a</strong></span> 
     </span>
    </p>
   </div>
   <div class='ocr_carea' id='block_1_11' title="bbox 0 0 1616 5080">
    <p class='ocr_par' dir='ltr' id='par_1_14' title="bbox 0 0 1616 5080">
     <span class='ocr_line' id='line_1_77' title="bbox 0 0 1616 5080; baseline 0 0"><span class='ocrx_word' id='word_1_661' title='bbox 0 0 1616 5080; x_wconf 95' lang='lat' dir='ltr'><strong> </strong></span> 
     </span>
    </p>
   </div>
  </div>
 </body>
</html>
