3224 5080
456 348 691 414 nrnrocus
713 348 783 411 nn
804 348 1107 414 onrronraus
1341 366 1361 436 5
1364 365 1383 435 5

183 519 306 604 quisito
322 527 356 584 et
373 519 505 602 poetico
521 520 609 585 cultu
634 520 761 586 enituit.
807 520 965 604 Exigitur
987 523 1075 586 enim
1099 521 1165 586 iam
1189 524 1232 589 ab
1255 533 1383 595 oratore
1580 603 1583 611 Α

181 632 284 697 etiam
306 633 455 715 poeticus
477 633 585 710 decor,
600 653 667 696 non
684 631 780 696 Accii
802 642 861 697 aut
883 633 1016 698 Pacuvii
1030 643 1168 698 veterno
1184 636 1383 718 inquinatus,
1415 609 1532 720 &ffb
1556 647 1583 674 ‘³

180 744 240 807 sed
257 765 301 808 ex
318 744 452 808 Horatii
468 753 502 808 et
519 743 657 826 Vergilii
681 753 715 808 et
737 744 863 808 Lucani
885 745 1025 810 sacrario
1040 746 1198 830 prolatus.
1250 750 1383 813 Horum
1423 729 1463 758 ψ’
1487 719 1568 756 w

180 857 282 939 igitur
302 858 435 921 auribus
459 866 492 921 et
515 857 641 922 iudiciis
656 857 889 946 obtmnpemns
904 838 1093 922 nostrbrum
1108 868 1276 924 oratorum
1292 870 1383 926 aetas
1400 887 1430 920 κο
1447 887 1502 922 ω»

180 969 348 1052 pulchrior
370 977 404 1032 et
426 970 572 1033 ornatior
593 969 717 1033 extitit.
751 949 882 1052 ¹Neque
905 970 980 1034 ideo
1004 971 1112 1034 minus
1135 971 1285 1038 efficaces
1307 985 1384 1038 sunt
1471 971 1479 996 ''

180 1081 347 1145 orationes
367 1090 500 1145 nostrae
515 1081 592 1162 quia
608 1081 651 1144 ad
674 1100 771 1146 aures
793 1081 1011 1145 iudicantium
1030 1102 1105 1145 cum
1120 1081 1294 1164 voluptate
1312 1103 1383 1165 per-

178 1193 326 1256 veniunt.
385 1191 477 1275 Quid
507 1193 594 1256 enim
624 1193 651 1256 si
682 1193 859 1257 infirmiora
888 1192 1007 1256 horum
1038 1202 1225 1277 temporum
1257 1193 1384 1275 templa

48 1389 70 1397 ,.
178 1306 303 1379 credas,
319 1305 397 1387 quia
412 1305 478 1369 non
493 1306 564 1369 rudi
581 1313 753 1394 caemento
776 1313 810 1368 et
825 1305 1019 1369 informibus
1035 1305 1155 1388 tegulis
1175 1315 1508 1422 extruuntury„

67 1401 101 1428 ω’
179 1417 239 1492 sed
255 1437 417 1481 marmore
432 1418 540 1483 nitent
555 1425 588 1482 et
603 1439 682 1482 auro
697 1419 888 1482 radiantur?
1398 1381 1470 1482 25'‘A

224 1531 280 1598 21.
304 1529 469 1611 Equidem
485 1528 614 1594 fatebor
635 1530 729 1594 vobis
751 1528 942 1610 simpliciter
957 1550 1011 1593 me
1034 1529 1067 1593 in
1082 1529 1280 1612 quibusdam
1296 1531 1382 1596 anti·

215 1667 252 1719 17.
270 1657 384 1720 angitur
394 1656 502 1722 Lipsius,
519 1656 634 1720 angetur
648 1657 702 1718 CA,
719 1657 846 1706 exercitur
856 1656 922 1718 AV,
943 1657 1068 1708 corrected
1085 1658 1111 1706 in
1129 1658 1192 1707 both
1209 1666 1237 1709 to
1256 1667 1383 1709 exercetur

179 1721 306 1771 BDEH.·
390 1735 427 1783 23·
445 1722 470 1770 si
479 1722 609 1782 codd.,an
621 1724 733 1784 Oberlin,
746 1723 800 1772 nisi
810 1722 903 1772 Osann.
1004 1737 1043 1784 25.
1060 1723 1166 1772 radiant
1176 1725 1231 1774 Lat.
1244 1725 1365 1775 Latinius.

213 1792 254 1838 21.
275 1801 296 1838 1.
306 1787 407 1852 fatebor
416 1795 482 1837 most
493 1787 573 1851 codd,
578 1789 666 1854 fateor
675 1788 772 1852 AHSp.
798 1788 981 1865 Cpquuidem
993 1789 1090 1838 fatebor
1100 1790 1171 1838 vobis
1182 1791 1237 1842 Liv.
1248 1807 1271 1840 v.
1284 1805 1324 1854 54,
1335 1806 1358 1853 3.

180 1895 224 1947 the
234 1912 277 1946 use
288 1895 318 1945 oi
332 1899 438 1945 Sensus
452 1896 493 1959 (os
506 1896 625 1959 thought)
638 1896 681 1946 the
698 1897 755 1947 idea
804 1902 832 1944 at
850 1895 919 1944 them
939 1895 977 1944 sor
996 1896 1137 1960 delighting
1157 1896 1183 1946 in
1202 1897 1383 1960 archaisms,—

180 1963 208 2011 ol
228 1963 357 2012 substance
379 1978 408 2012 or
430 1961 493 2011 form
513 1962 535 2012 is
554 1962 646 2026 always
665 1978 754 2026 upper-
806 1961 984 2025 Attonitusque
995 1962 1059 2026 legis
1070 1963 1143 2012 terrai
1158 1963 1285 2028 frugiferai
1296 1965 1381 2015 Attius

180 2036 262 2076 most:
281 2028 319 2076 for
335 2026 377 2076 the
394 2029 485 2077 tormer
501 2044 540 2092 cp.
558 2030 597 2076 23.
611 2042 639 2076 a1
661 2029 754 2089 (where
805 2035 829 2076 et
841 2027 961 2091 quidquid
973 2027 1141 2092 Pacuviusque
1153 2036 1262 2079 vomunt.

175 2094 293 2156 gremias
303 2108 420 2142 sensuum
433 2093 455 2142 is
466 2093 603 2142 contrasted
613 2093 674 2142 with
685 2094 757 2142 nitor
837 2098 963 2142 veterno.
1008 2093 1060 2142 For
1087 2109 1103 2142 a
1124 2093 1219 2144 similar
1241 2093 1319 2158 figure
1340 2112 1380 2161 cp.

179 2166 204 2207 et
220 2160 302 2207 cultus
318 2160 470 2219 verborum),
488 2159 538 2206 and
554 2160 677 2223 probably
687 2166 754 2223 pau·
805 2159 844 2207 22.
868 2170 897 2205 22
915 2158 1017 2207 verbum
1034 2159 1102 2207 velut
1122 2160 1235 2222 rubigine
1252 2160 1380 2212 iniectum.

180 2225 289 2275 cissimos
311 2239 396 2273 semus
416 2226 454 2273 32.
478 2235 522 2288 17:
556 2225 595 2272 for
617 2225 658 2274 the
681 2225 755 2275 latter
804 2223 921 2274 Tr.‘n0t
932 2222 1066 2287 distigured
1078 2225 1164 2287 hythe
1177 2225 1220 2273 old
1237 2234 1288 2275 rust
1305 2229 1336 2276 of
1348 2245 1380 2277 an

180 2290 217 2350 (in
245 2289 358 2338 addition
385 2296 412 2338 to
440 2290 482 2338 the
509 2297 608 2355 present
635 2291 751 2354 passage)
804 2289 896 2339 Accius
908 2287 1112 2340 oraPacuvius.‘
1273 2301 1276 2306 “

180 2358 220 2404 21.
247 2365 276 2417 17
298 2355 430 2417 (inconditi
449 2371 533 2404 sensus
554 2355 667 2405 redolent
690 2357 753 2404 anti·
840 2369 877 2418 19.
894 2357 1012 2403 Lucani.
1058 2355 1196 2418 Quintilian
1222 2357 1307 2406 would
1333 2365 1380 2407 not

179 2421 309 2484 quitatem)
331 2423 370 2470 22.
392 2434 422 2468 12
443 2420 527 2485 (pauci
545 2437 630 2470 sensus
649 2429 708 2485 apte
727 2429 753 2472 et
803 2420 867 2469 have
885 2419 979 2468 classed
997 2419 1083 2469 Lucan
1102 2421 1179 2485 along
1197 2421 1258 2470 with
1279 2423 1380 2474 Horace

179 2501 237 2535 cum
257 2486 367 2550 quodam
386 2487 479 2536 lumine
498 2487 685 2549 terminantur):
712 2489 752 2536 22.
804 2485 853 2534 and
865 2485 957 2547 Vergil.
992 2486 1038 2534 See
1049 2502 1073 2534 x.
1089 2499 1109 2536 1.
1123 2499 1156 2550 90
1167 2487 1281 2536 Lucanus
1292 2489 1380 2538 ardens

180 2567 210 2602 22
228 2551 302 2616 (nulli
317 2567 402 2600 sensus
414 2589 420 2601 .
434 2588 458 2600 ..
475 2551 500 2600 in
517 2568 611 2600 morem
626 2551 753 2602 annalium
803 2558 829 2599 et
841 2551 978 2600 concitatus
995 2557 1021 2599 et
1037 2552 1166 2601 sententiis
1182 2551 1340 2613 clarissimus,
1353 2561 1378 2604 et

179 2617 388 2682 componantur):
405 2620 444 2668 23.
458 2617 552 2667 stertio
563 2634 661 2682 quoque
673 2633 752 2667 sensu.
803 2623 831 2666 nt
851 2616 935 2664 dicam
951 2615 1019 2679 quod
1035 2617 1123 2677 sentio,
1141 2619 1222 2682 magis
1239 2619 1379 2669 oratoribus

179 2683 334 2733 SotooSen.
355 2683 401 2748 Ep.
422 2696 476 2744 114,
496 2687 555 2742 §12
574 2683 659 2746 Quint.
677 2684 709 2732 ix.
728 2697 751 2745 3,
803 2697 878 2746 quam
895 2683 974 2745 poetis
990 2682 1131 2732 imitandus.
1167 2681 1296 2748 Similarly
1310 2683 1378 2734 Serv.

180 2754 209 2808 §5
232 2758 270 2811 74,
294 2747 333 2812 76.
385 2749 534 2798 Sometimes
563 2753 712 2800 sententia
725 2771 747 2790 ε
803 2748 836 2796 ad
851 2749 913 2796 Aen.
931 2747 948 2796 i.
962 2748 1007 2808 382
1026 2748 1142 2796 Lucanus
1158 2747 1217 2797 ideo
1232 2751 1259 2797 in
1275 2765 1379 2799 numero

178 2821 277 2864 sensus:
295 2830 315 2863 e.
322 2830 348 2878 g.
362 2817 402 2865 21.
417 2828 442 2862 11
457 2815 538 2864 verbis
554 2821 641 2864 ornata
657 2821 682 2864 et
699 2829 752 2864 sen·

177 2880 274 2930 tentiis:
292 2882 331 2930 23.
346 2893 377 2943 24
392 2896 423 2928 ea
438 2881 613 2929 sententiarum
627 2878 751 2944 planitas:

179 2949 219 2996 26.
240 2946 254 2994 8
274 2945 375 2995 lascivia
392 2947 523 2994 verborum
540 2951 565 2994 et
581 2946 681 2995 levitate
698 2961 752 2995 sen-

178 3011 317 3060 tentiarum.
353 3011 425 3059 More
444 3010 541 3074 usually
558 3013 578 3059 it
598 3012 707 3071 denoteS,
725 3026 752 3060 as

178 3076 245 3135 here,
255 3093 269 3125 a
278 3084 349 3136 terse,
358 3077 468 3140 pointed,
479 3084 598 3140 pregnant
609 3083 749 3126 utterauce:

179 3144 218 3192 22.
236 3151 249 3203 7
266 3141 386 3205 quasdam
404 3143 535 3191 sententias
551 3141 661 3191 invenit:
679 3144 719 3190 28.
738 3155 750 3188 2

177 3223 226 3272 pro
235 3207 354 3256 sententia
364 3223 371 3256 z
388 3209 427 3256 32.
439 3218 468 3270 17
478 3214 595 3272 angustas
603 3207 743 3257 sententias.

211 3279 320 3332 acuta,
348 3271 484 3338 ‘pointed‘
512 3273 650 3335 ‘striking'
674 3271 751 3337 ‘apt,’

179 3339 239 3402 only
258 3339 316 3388 here
338 3338 363 3387 in
384 3339 492 3388 Tacitus.
537 3339 590 3388 Cic.
610 3339 641 3388 de
661 3337 705 3387 Or.
725 3338 751 3386 ii.

180 3408 265 3467 5250,
284 3409 296 3464 ς
311 3403 375 3454 268:
393 3405 461 3454 Brut.
480 3408 492 3462 5
511 3417 557 3466 325
575 3404 751 3454 sententiosum

178 3479 202 3520 et
213 3478 330 3534 argutum
342 3471 430 3534 (genus
441 3469 577 3533 dictionis).
601 3469 649 3535 Cp.
664 3473 750 3518 ‘coac-

803 2822 933 2877 poetarum
952 2827 1005 2860 esse
1023 2828 1073 2861 non
1091 2813 1180 2863 meruit
1203 2814 1261 2877 qnia
1283 2815 1380 2865 videtur

803 2878 933 2932 historiam
950 2877 1118 2941 composuisse
1134 2894 1185 2927 non
1202 2895 1307 2942 poema:
1331 2881 1379 2930 Pe-

803 2951 866 2994 tron.
878 2943 957 3006 Satyr.
972 2945 1035 2992 118:
1054 2944 1129 2992 Mart.
1142 2945 1190 2992 xiv.
1204 2957 1258 3008 194

836 3013 955 3068 Horum,
974 3008 1004 3056 of
1016 3008 1059 3058 the
1078 3009 1141 3058 class
1161 3011 1191 3059 oi
1207 3009 1305 3060 hearers
1323 3027 1378 3076 pre·

803 3074 902 3138 viously
913 3073 1047 3135 indicated,
1060 3074 1194 3139 especially
1205 3075 1248 3125 the
1259 3077 1370 3127 iuveuss.

838 3154 876 3202 ²3·
895 3142 1287 3196 Quidanim...sioredaat’
1315 3143 1379 3192 This

802 3205 911 3254 formula
922 3206 1029 3255 reminds
1043 3221 1090 3255 one
1108 3206 1137 3254 oi
1150 3205 1193 3254 the
1208 3206 1318 3272 frequent
1335 3224 1378 3257 use

803 3272 832 3320 oi
852 3272 907 3320 nisi
925 3270 995 3334 fone
1017 3278 1044 3320 to
1066 3271 1195 3320 introduce
1217 3288 1250 3321 an
1272 3273 1378 3322 ironieal

802 3344 937 3400 argument.
979 3337 1009 3386 In
1026 3337 1089 3385 both
1108 3353 1176 3387 cases
1195 3337 1237 3387 the
1253 3339 1339 3388 reader
1355 3339 1376 3388 is

803 3402 958 3466 challenged,
970 3418 998 3451 as
1009 3401 1030 3450 it
1040 3417 1113 3462 were,
1124 3411 1151 3452 to
1166 3402 1238 3452 differ
1254 3403 1318 3453 srom
1333 3405 1377 3453 the

802 3468 904 3532 opinion
913 3467 964 3530 just
976 3467 1110 3528 advanced,
1123 3483 1155 3516 on
1170 3469 1229 3533 pain
1244 3469 1273 3518 of
1283 3469 1377 3534 having

177 3541 217 3584 tos
228 3536 253 3584 in
266 3533 425 3585 sententiam’
440 3536 466 3584 in
481 3535 523 3584 the
540 3551 645 3599 passage
659 3534 752 3600 quoted
802 3541 829 3582 to
840 3533 920 3582 admit
931 3532 1073 3596 something
1085 3533 1167 3581 which
1181 3534 1203 3582 is
1217 3535 1376 3598 improbable

177 3602 241 3650 from
269 3601 362 3650 Seneca
390 3602 484 3650 above:
514 3601 600 3663 Quint.
623 3617 647 3648 x.
672 3613 695 3660 1,
720 3613 751 3663 50
802 3614 830 3647 or
840 3599 939 3649 absurd.
966 3598 1009 3646 Tr.
1028 3598 1117 3662 ⁴Why,
1131 3613 1177 3648 one
1188 3600 1268 3664 might
1279 3615 1306 3649 as
1317 3601 1376 3650 well

177 3667 264 3716 breves
275 3668 447 3731 vibrantesque
457 3666 596 3716 sententiae.
801 3662 911 3725 believe,'
924 3667 970 3714 &c
1345 3714 1347 3717 ,

210 3735 296 3781 loeus.
336 3731 383 3781 See
405 3748 438 3781 ou
461 3734 499 3781 22.
524 3731 540 3781 6
562 3732 633 3782 locos
655 3746 751 3796 quoque
837 3744 874 3792 25.
891 3728 1292 3794 ramentur‚‚middle=rulgent.
1327 3730 1374 3794 Cp.

176 3796 290 3846 laetiores
301 3798 438 3847 attentavit.
802 3795 877 3854 Ovid,
894 3796 943 3859 Ep.
960 3811 990 3843 ex
1006 3795 1087 3844 Ponto
1099 3795 1134 3844 iii.
1150 3809 1232 3858 4,1o3
1245 3794 1320 3846 Scuta
1331 3795 1376 3846 sed

213 3863 250 3912 18.
269 3865 351 3912 Aaou
366 3869 418 3912 aut
432 3865 558 3916 Pacuvii.
595 3862 659 3911 This
673 3862 694 3911 is
708 3862 751 3911 the
801 3869 825 3911 et
837 3859 923 3924 galeae
934 3861 1040 3924 gemmis
1050 3861 1175 3910 radientur
1186 3867 1210 3910 et
1222 3877 1289 3910 auro.

177 3927 374 3978 orderinwhich
382 3929 451 3978 these
462 3936 513 3978 two
524 3934 596 3994 poets
608 3944 649 3976 are
660 3927 751 3977 named
834 3931 874 3976 21.
894 3939 915 3976 1.
939 3929 1089 3984 Equidem,
1113 3929 1160 3976 &a
1202 3927 1253 3975 For
1272 3927 1314 3975 the
1333 3942 1374 3976 ex-

175 3993 203 4040 in
224 3993 310 4056 Quint.
331 4009 355 4042 x.
374 4007 395 4053 1,
415 4004 456 4058 97,
473 3993 570 4058 though
588 3994 671 4042 Attius
689 3993 750 4057 (170
801 3992 919 4056 pression.
937 4008 975 4055 cp.
996 3992 1049 4041 Cic.
1070 3992 1137 4040 Brut.
1160 3996 1233 4057 §293
1251 3993 1374 4057 Equidem

176 4059 340 4108 tam-about
358 4058 400 4122 90)
417 4075 469 4108 was
485 4060 563 4122 really
580 4058 662 4108 fifteen
679 4072 750 4122 years
801 4058 826 4105 in
844 4057 991 4120 quibusdam
1009 4059 1084 4106 risum
1095 4058 1137 4105 vix
1149 4059 1270 4106 tenebam.
1305 4057 1374 4106 Most

176 4139 286 4188 younger
304 4125 364 4173 than
386 4125 507 4174 Pacuvius
532 4123 677 4188 (ano—132).
716 4125 750 4172 ·In
801 4123 856 4172 edd.
875 4123 932 4172 take
949 4123 1097 4187 quibusdam
1114 4137 1141 4170 as
1159 4131 1252 4182 neuter,
1270 4124 1314 4171 but
1331 4138 1374 4171 nac

176 4189 220 4239 the
230 4196 289 4237 next
300 4189 409 4254 chapter,
420 4190 470 4239 line
483 4202 523 4251 30,
532 4190 654 4239 Pacuvius
666 4205 750 4238 comes
801 4203 884 4237 unum
895 4189 976 4238 below
987 4189 1068 4237 shows
1079 4187 1133 4236 that
1149 4188 1169 4236 it
1181 4188 1202 4235 is
1214 4203 1288 4236 masa
1323 4189 1374 4236 For

175 4255 236 4304 first.
254 4250 394 4317 Quintilian
403 4255 433 4318 (l.
441 4257 475 4318 c.)
484 4271 541 4320 says
549 4257 578 4304 of
586 4257 654 4304 them
666 4256 749 4304 ‘nitor
799 4254 843 4303 the
859 4254 974 4318 partitive
993 4254 1101 4317 genitive
1120 4253 1184 4301 aiter
1202 4252 1313 4317 quidam,
1332 4269 1373 4316 cp.

176 4327 202 4370 et
218 4335 315 4368 summa
329 4321 354 4368 in
369 4321 512 4370 excolendis
528 4321 644 4385 operibus
660 4336 750 4369 manus
801 4319 871 4369 Hist.
884 4319 909 4368 ii.
921 4334 961 4383 49,
978 4333 1022 4382 17:
1041 4319 1082 4382 98,
1095 4330 1126 4379 5:
1144 4317 1176 4366 iv.
1190 4328 1229 4381 70,
1244 4333 1289 4380 24:
1306 4317 1372 4367 Anu.

175 4386 257 4448 magis
283 4385 361 4434 videri
388 4394 470 4451 potest
497 4386 652 4450 temporibus
674 4401 750 4450 qnam
801 4385 892 4447 xii.17,
903 4397 942 4447 14.
960 4383 1122 4449 So‘plurimi
1130 4380 1292 4444 disertorum,’
1300 4397 1340 4445 40,
1350 4398 1373 4445 3,

174 4451 237 4516 ipsis
263 4449 386 4513 defuisse,’
416 4452 519 4502 Martial
540 4452 592 4516 lxi.
619 4451 662 4516 90)
687 4451 751 4514 jeers
800 4450 891 4500 below.
