3224 5080
445 317 683 380 DIALOGUS
702 318 771 379 DE
792 318 1098 382 ORATORIBUS.
1332 338 1378 404 71<

27 568 28 576 ἵ
63 567 66 574 ¹
160 488 349 571 ‚verborum
366 496 399 552 et
420 487 555 554 levitate
574 491 812 555 sententiarum
836 499 870 555 et
888 491 1021 556 licentia
1042 492 1289 575 compositionis
1304 491 1372 557 his-

42 614 61 644 -2
134 574 146 596 '¹
159 584 329 665 'trionales
345 601 463 665 modos
479 602 678 692 exprimant.
691 601 884 721 (Quodque
894 603 952 667 vix
964 605 1146 670 audituesas
1157 625 1229 670 esse
1241 581 1397 718 deffiqts,
1447 678 1481 718 υ

35 686 40 698 “
67 681 105 750 'J
160 687 280 804 [laudis
296 723 328 777 et
343 713 466 796 gloriae
480 720 514 776 et
531 713 652 797 ingenii
663 672 907 818 'hjolplenque
919 715 1043 780 iactant
1055 715 1372 799 cantarisaltarique
1389 750 1417 784 ιο

29 835 60 883 a·
91 859 119 916 3.
173 825 428 912 commentarios
450 846 548 890 suos:
579 828 668 890 unde
690 807 794 891 oritur
816 826 871 892 iila
892 826 990 892 foeda
1014 837 1048 893 et
1067 837 1290 912 praepostera,
1313 828 1372 891 sed

41 943 53 956 “·
96 943 101 959 ¹
118 922 135 974 ’ἶ
173 946 286 1000 tamen
308 915 460 1020 frequens
473 937 595 1021 facetys
616 935 799 1004 hominibus
819 939 1027 1018 exclamati0,
1043 949 1080 1005 ut
1102 949 1250 1006 oratores
1270 941 1373 1005 nostri

173 1059 286 1114 tenere
300 1049 417 1128 dicere,
432 1050 606 1115 histriones
624 1052 746 1116 diserte
768 1050 891 1116 saltare
910 1052 1073 1116 dicantur.
1120 1051 1286 1136 Equidem
1305 1073 1372 1117 non

173 1161 360 1244 negaverim
372 1160 522 1226 Cassium
540 1161 708 1240 Sevemm,
725 1183 823 1247 quem
839 1162 947 1227 solum
961 1163 1059 1246 Aper
1073 1172 1186 1227 noster
1200 1163 1373 1228 nominare

172 1317 246 1369 *ra
255 1305 380 1370 frequens
382 1304 476 1370 facetis
486 1305 630 1356 hominibus
641 1307 662 1356 is
677 1322 720 1370 my
731 1305 795 1369 conj.
806 1324 812 1357 :
821 1305 892 1372 freq.
903 1307 969 1356 sicut
979 1307 1020 1356 lu'r
1030 1308 1068 1357 cla
1078 1312 1103 1356 at
1114 1306 1211 1372 AHSp.
1224 1307 1298 1370 (clam
1310 1311 1335 1356 et
1343 1308 1371 1366 B,

171 1372 211 1421 cla
226 1377 251 1420 et
267 1372 346 1429 CAD,
360 1372 474 1420 clausula
489 1377 514 1420 et
531 1387 600 1422 some
616 1372 695 1437 edd),
713 1372 778 1421 siuet
795 1371 893 1422 hisdam
911 1379 936 1422 ct
947 1372 991 1436 V„
1002 1373 1067 1422 sicut
1082 1373 1180 1422 hisdem
1198 1411 1205 1424 .
1224 1410 1231 1422 .
1248 1411 1254 1424 .
1273 1409 1279 1421 .
1296 1379 1319 1421 ct
1336 1374 1372 1422 E:

164 1435 289 1500 frequens
300 1435 447 1513 quibasdam
459 1436 599 1512 Rhenanus,
610 1437 660 1514 aad
674 1445 741 1487 most
754 1437 821 1498 edd.,
828 1437 870 1502 fr.
885 1439 910 1486 si
924 1438 964 1486 dis
973 1439 1055 1502 placat
1068 1439 1210 1514 Andresen,
1212 1437 1254 1501 fr.
1272 1438 1374 1514 circulis

172 1501 314 1617 {matrum
330 1501 490 1629 Μιιὲἰῗοῖέηζζι
500 1503 866 1632 ὕζείξὲἲιηζιαζῗοξὲιὲιὴοὴ,
883 1504 927 1552 sed
942 1509 1027 1553 tantm
1040 1503 1251 1568 frequentissima
1270 1518 1323 1553 tam
1338 1509 1374 1553 est

172 1683 199 1732 ii.
230 1697 269 1745 12,
301 1696 338 1733 11.
382 1683 451 1734 That
482 1683 553 1734 other
583 1684 746 1734 associations
798 1701 844 1735 can
861 1685 894 1735 be
911 1701 981 1749 sung,
999 1685 1048 1734 and
1065 1685 1160 1735 danced
1177 1683 1220 1735 to.'
1255 1684 1301 1749 Cp
1318 1683 1372 1734 Cic.

172 1749 283 1813 liugered
294 1749 372 1798 round
383 1750 425 1799 the
436 1748 512 1806 word,
523 1766 581 1814 may
592 1750 747 1800 howeverbe
797 1751 840 1801 Or.
865 1755 877 1810 §
897 1762 928 1815 57
951 1758 988 1800 est
1015 1759 1098 1800 autem
1120 1753 1196 1801 etiam
1219 1751 1245 1799 in
1267 1750 1374 1799 dicendo

172 1831 229 1863 seen
246 1815 310 1862 from
327 1817 359 1862 xi.
373 1830 396 1878 3,
409 1816 457 1878 184
472 1829 503 1863 ne
518 1814 577 1864 dum
589 1816 680 1865 actoris
690 1831 747 1880 cap·
797 1816 900 1882 quidam
928 1824 1015 1866 cantus
1042 1816 1176 1875 obscurior,
1205 1831 1255 1864 non
1288 1815 1331 1864 hic
1358 1831 1372 1864 e

172 1886 255 1929 tamus
270 1880 429 1944 elegantiam,
446 1881 578 1945 perdamus
589 1880 636 1930 viri
652 1882 711 1930 boni
722 1889 747 1931 et
798 1882 906 1945 Phrygia
939 1888 964 1932 et
993 1882 1067 1931 Caria
1099 1882 1225 1931 rhetorum
1257 1881 1372 1945 epilogus

172 1946 255 2010 gravis
266 1947 445 1995 auctoritatem.
797 1963 874 2011 paene
888 1947 1019 2008 canticum,
1030 1947 1111 1997 where
1122 1948 1168 1998 Dr.
1180 1947 1275 2010 Sandys
1285 1955 1372 2012 quotes

205 2014 488 2084 inscinderet-borum,
497 2010 745 2074 ‘frivolityotstyle’:
798 2013 881 2076 Quint.
894 2014 926 2062 xi.
939 2025 962 2074 3,
978 2013 1008 2072 58
1021 2012 1070 2062 and
1085 2011 1148 2077 167:
1166 2013 1182 2061 i.
1195 2015 1219 2073 8,
1233 2012 1373 2061 1-a.-For

172 2091 212 2140 ep.
223 2078 263 2126 29.
279 2087 292 2141 7
311 2077 427 2141 parvulos
442 2077 606 2126 assuefaciunt
619 2113 625 2125 .
637 2112 644 2126 .
655 2115 662 2128 .
674 2076 745 2127 lasci·
796 2079 905 2139 cardam,
914 2093 954 2143 cp.
964 2078 1049 2141 Quint.
1061 2078 1094 2127 ix.
1102 2094 1127 2141 4,
1137 2092 1181 2141 142
1191 2079 1212 2127 si
1222 2079 1253 2126 sit
1265 2091 1372 2137 neeesse,

172 2141 268 2191 vianet
285 2143 421 2202 dicacitati,
433 2143 483 2190 and
498 2158 539 2192 see
556 2143 745 2193 on10.16ele·
797 2144 884 2192 duram
908 2143 993 2208 potius
1015 2152 1090 2206 atque
1112 2160 1226 2208 asperam
1247 2143 1371 2206 composi-

171 2207 392 2270 gorumlascivias.
428 2208 474 2271 Cp.
487 2208 540 2256 also
552 2207 636 2270 Quint.
650 2209 692 2258 xii.
707 2222 743 2266 10,
797 2209 889 2257 tionem
904 2208 991 2257 malim
1008 2223 1061 2258 esse
1078 2225 1153 2273 quam
1168 2209 1334 2258 effeminatam
1346 2214 1371 2256 et

174 2281 204 2334 73
221 2287 299 2336 genus
310 2273 407 2322 dicendi
419 2273 486 2336 quod
501 2273 636 2337 puerilibus
651 2281 747 2322 senten·
797 2289 917 2333 enervem,
938 2273 1020 2337 qualis
1036 2273 1103 2339 apud
1120 2275 1220 2334 multos,
1237 2280 1263 2322 et
1280 2273 1372 2322 cotidie

172 2337 241 2386 tiolis
252 2338 362 2388 lascivit:
376 2355 399 2388 tt
412 2351 474 2402 1,43
484 2337 634 2388 recenshaec
643 2338 745 2388 lascivia
798 2339 878 2402 magis
906 2338 1075 2388 lascivissimis
1102 2346 1262 2403 syntonorum
1289 2337 1371 2387 modis

172 2401 328 2466 deliciaeque.
797 2403 878 2453 saltat.
920 2403 954 2453 So
976 2404 1050 2468 again
1072 2404 1106 2452 xi.
1125 2418 1147 2466 3,
1169 2413 1208 2466 57,
1232 2403 1370 2467 Quintilian

206 2469 229 2518 8.
246 2472 363 2518 levitate
376 2506 384 2518 .
395 2506 401 2520 .
412 2505 418 2518 .
430 2471 652 2531 compositionis,
666 2468 743 2519 ‘shah
797 2469 862 2530 asks,
880 2469 952 2533 ‘quid
970 2469 1036 2518 enim
1053 2470 1135 2518 minus
1150 2471 1242 2518 oratori
1255 2469 1370 2519 convenit

172 2533 221 2583 low
241 2534 360 2598 thoughts
382 2535 430 2583 and
454 2535 590 2599 disorderly
611 2535 744 2585 structure'
797 2551 872 2599 quam
880 2535 1020 2584 modulatio
1029 2533 1164 2584 scenicai':
1181 2535 1230 2582 and
1240 2535 1273 2597 by
1282 2549 1336 2596 way
1344 2535 1374 2581 of

172 2600 744 2659 Forsentcntiammaesensuum,seeon20.16.
796 2600 946 2664 concluding
968 2599 1065 2664 (5181)
1086 2607 1182 2664 repeats
1201 2599 1240 2648 his
1259 2598 1371 2662 waming

204 2667 386 2714 histrionales
403 2670 517 2715 modos:
536 2667 594 2729 they
611 2667 745 2729 reproduce
796 2666 894 2728 against
915 2667 957 2715 the
982 2665 1143 2714 immoderate
1166 2681 1208 2713 use
1237 2664 1266 2712 oi
1290 2671 1370 2727 stage-

171 2731 214 2780 the
224 2730 350 2792 ‘rhythms
357 2731 386 2780 oi
392 2731 433 2780 the
442 2740 511 2794 stage
517 2730 574 2780 ’—a
582 2731 655 2796 thing
662 2731 745 2781 which
795 2731 918 2791 methods,
932 2735 998 2780 ‘nou
1013 2731 1078 2778 enim
1095 2730 1243 2780 comoedum
1254 2744 1315 2789 esse,
1328 2729 1371 2778 sed

172 2797 260 2845 Cicero
269 2796 672 2860 alsodeprecates,deOr.i.§251.
696 2796 744 2861 Cp.
796 2804 918 2845 oratorem
934 2796 1010 2845 volo!
1044 2797 1090 2860 Cp.
1108 2796 1171 2846 Plin.
1185 2797 1232 2860 Ep.
1246 2794 1272 2844 ii.
1289 2807 1325 2856 14,
1340 2807 1367 2841 12

171 2860 380 2921 below,‘cautari
392 2863 524 2926 saltarique
536 2861 743 2912 commentarios!
795 2861 875 2911 Pudet
892 2861 979 2911 referre
996 2876 1059 2926 quae
1075 2877 1151 2925 quam
1168 2862 1246 2910 iraeta
1262 2875 1370 2924 pronun-

172 2927 201 2976 In
218 2927 259 2976 the
274 2929 407 2987 canticum,
420 2943 449 2976 or
464 2928 551 2990 lyrical
565 2927 674 2991 position
686 2928 744 2976 oia
794 2927 897 2977 tiatioue
918 2927 1040 2985 dicantur,
1063 2927 1153 2991 quibus
1179 2942 1254 2990 quam
1281 2926 1370 2974 teneris

172 2993 271 3041 Roman
287 2993 352 3056 play,
369 2995 412 3042 the
428 3000 516 3043 cantor
530 3008 592 3057 sang
608 2999 636 3042 to
652 3009 667 3041 a
684 2991 744 3042 flute
795 2992 945 3042 clamoribus
960 2992 1119 3056 excipiantur.
1153 2991 1257 3040 Plausus
1273 2998 1369 3040 tantum

171 3058 392 3120 accompaniment,
403 3060 478 3110 while
488 3059 531 3108 the
541 3067 610 3108 actor
620 3057 744 3108 indicated
794 3073 825 3105 ac
841 3058 924 3122 potius
941 3058 996 3107 sola
1012 3057 1129 3122 cymbala
1143 3064 1167 3107 et
1184 3063 1303 3122 tympana
1318 3056 1370 3105 illis

172 3124 205 3187 by
222 3124 382 3189 appropriate
398 3133 507 3188 gestures
523 3125 565 3174 the
582 3123 698 3187 meaning
717 3123 748 3172 oi
794 3124 897 3173 canticis
908 3122 1002 3173 desunt.

171 3189 212 3238 the
223 3189 312 3239 words.
347 3190 399 3238 For
409 3190 459 3240 this
474 3206 542 3239 sense
554 3189 583 3238 oi
597 3189 691 3249 modus,
703 3204 743 3252 cp.
829 3201 867 3236 11.
884 3191 1107 3239 commentarios.
1129 3188 1180 3236 For
1188 3187 1237 3236 this
1245 3187 1369 3251 meaning,

171 3256 235 3303 Anu.
255 3255 304 3304 xvi.
321 3269 346 3318 4,
366 3269 396 3318 14
414 3256 486 3320 plebs
503 3257 579 3312 urbis,
597 3254 744 3304 histrionum
794 3270 835 3303 see
847 3257 928 3305 on23.
943 3269 981 3304 10.

170 3335 267 3384 quoqne
286 3327 370 3384 gestus
390 3321 474 3370 invare
494 3320 577 3381 solita,
596 3321 743 3384 personabat
829 3332 867 3368 1a.
885 3323 1017 3378 nequens
1056 3321 1156 3369 tenetls
1194 3321 1369 3368 hominibus.

170 3387 242 3434 certis
264 3385 347 3460 modis
370 3386 422 3449 (‘in
440 3393 477 3436 set
495 3386 555 3435 time
564 3384 583 3446 ’)
606 3385 743 3461 plausuque
794 3384 865 3432 With
873 3383 966 3462 [acatis
976 3394 1003 3435 to
1014 3391 1137 3461 represent
1148 3383 1213 3459 salut
1227 3383 1268 3432 his
1285 3384 1314 3432 oi
1326 3384 1368 3432 the

170 3450 744 3581 tthhlt.·..³.¹h.¹.⁵n⁵÷..ih{hist
794 3449 1066 3564 illitterati
1083 3449 1263 3564 {trahit
1280 3463 1370 3562 itti

170 3580 258 3644 below,
264 3586 303 3634 29.
312 3583 405 3641 10‚and
411 3583 550 3647 onceagain
556 3583 621 3630 Ann.
631 3582 647 3630 i.
658 3579 742 3631 16.11.
794 3581 876 3630 before
882 3581 1028 3629 exclamatio
1037 3587 1104 3629 must
1116 3580 1177 3629 have
1188 3579 1295 3629 resulted
1304 3579 1368 3627 irom

202 3662 225 3711 9.
243 3651 321 3708 quod
400 3651 509 3698 debeat.
554 3648 604 3696 For
624 3645 667 3694 the
686 3647 743 3695 sub·
793 3659 863 3696 some
884 3653 935 3696 sort
957 3646 987 3694 oi
1005 3646 1172 3709 dittography.
1206 3645 1291 3694 Ihad
1313 3645 1368 3693 also

166 3712 283 3776 junctive,
300 3729 340 3778 cp.
352 3714 419 3776 quod
436 3713 559 3762 interdum
574 3711 674 3778 pudeat,
690 3711 744 3762 Cic.
793 3711 902 3775 thought
921 3712 950 3760 os
969 3710 1182 3775 ‘frequentissima
1201 3710 1241 3760 his
1259 3710 1368 3758 moribus

168 3779 200 3828 de
211 3780 255 3830 Or.
270 3794 293 3841 1,
306 3784 319 3838 5
331 3793 381 3842 40:
398 3780 467 3844 quod
483 3779 649 3829 miserandum
660 3777 700 3838 sit,
712 3776 744 3826 de
793 3775 959 3837 exclamatio,’
968 3775 1064 3840 though
1074 3775 1117 3825 the
1128 3777 1277 3840 superlative
1288 3790 1368 3824 seems

168 3844 201 3893 N.
214 3846 248 3896 D.
260 3846 295 3895 iii.
308 3849 320 3904 §
333 3845 374 3894 62.
792 3851 837 3892 not
849 3849 876 3892 to
889 3859 963 3892 ocem
977 3843 1002 3891 in
1015 3842 1180 3891 Tacitus-F
1182 3857 1210 3890 or
1226 3842 1268 3891 the
1284 3842 1369 3890 dative

205 3913 351 3960 rolandia
432 3914 510 3960 loco:
539 3913 582 3959 ‘as
604 3909 744 3973 something
793 3909 854 3958 aster
872 3905 1014 3972 ‘frequens'
1034 3923 1073 3972 cp.
1091 3909 1155 3957 Ann.
1173 3907 1199 3955 ii.
1222 3920 1261 3969 33,
1281 3905 1296 3954 ⁶
1316 3913 1368 3954 erat

168 3977 363 4036 commendabis,
376 3976 481 4034 famous,
500 3976 550 4024 and
566 3974 663 4026 clever.‘
696 3976 742 4023 In·
793 3973 875 4023 adhuc
886 3974 999 4038 frequens
1009 3973 1180 4022 senatoribus.
1194 4007 1200 4020 .
1212 4009 1218 4021 .
1231 3987 1351 4036 promere.

165 4041 239 4104 genii
253 4043 275 4091 is
291 4042 351 4091 used
366 4041 428 4091 after
445 4042 493 4090 loco
508 4041 540 4104 by
551 4057 566 4090 a
577 4039 743 4090 construction
826 4042 1001 4097 exclamatio,
1015 4041 1022 4064 ‘
1034 4037 1085 4086 oia
1096 4037 1199 4102 pointed
1210 4035 1366 4087 utteranee':

168 4108 250 4157 rather
259 4108 371 4158 different
387 4108 450 4156 from
467 4107 521 4156 that
532 4106 616 4156 which
626 4112 743 4156 connects
793 4120 832 4168 cp.
844 4107 883 4154 81.
899 4118 928 4167 29
940 4102 1031 4154 below.

168 4172 267 4222 ‘laudis
278 4180 302 4223 et
314 4171 422 4237 gloriae’
434 4169 594 4223 with‘loc0.’
617 4171 687 4220 With
700 4171 742 4219 the
829 4183 865 4232 13.
883 4175 990 4229 tenere,
1011 4165 1236 4232 ‘voluptuously'z
1264 4167 1317 4216 Cic.
1340 4167 1366 4216 iu

168 4237 247 4300 latter,
270 4238 363 4288 Novak
385 4253 515 4302 compares
539 4237 621 4302 ‘quod
646 4235 742 4300 gloriae
792 4236 841 4284 Pis.
863 4237 926 4298 §89
948 4251 1005 4284 cum
1027 4234 1067 4282 his
1088 4234 1178 4283 teneris
1200 4231 1365 4282 saltatoribus.

168 4303 225 4352 loco
238 4339 244 4352 .
257 4341 263 4353 .
277 4341 283 4353 .
295 4340 301 4352 .
313 4301 393 4364 dixit,'
406 4303 490 4366 Quint.
502 4303 575 4353 Deci.
588 4301 644 4366 267,
656 4320 680 4366 4.
793 4302 841 4365 Cp.
850 4301 935 4364 Quint.
944 4301 977 4349 xi.
988 4314 1010 4361 3,
1022 4313 1052 4360 ²3
1064 4297 1136 4347 molli
1148 4304 1278 4359 teneraque
1288 4313 1364 4347 voce:

199 4371 335 4428 plerique,
349 4367 470 4433 ‘many'z
488 4385 528 4418 see
540 4371 606 4417 ouh.
620 4382 658 4416 10.
793 4367 826 4416 ix.
845 4382 869 4429 4,
889 4379 918 4426 31
937 4365 1027 4428 refugit
1049 4372 1160 4413 teneram
1183 4363 1365 4428 delicatamque

200 4433 742 4498 uantumsaltarique,‘thattheirspeeches
792 4430 939 4481 modulandi
950 4431 1111 4494 voluptatem.
