3206 5078
452 311 692 380 nrnrouvs
711 315 779 377 nr
802 316 1108 386 onnronraus
1344 335 1384 405 23

181 505 254 550 esse
282 486 425 569 pretium
452 487 560 553 omnis
591 487 713 554 laboris
742 489 793 554 sui
824 489 978 567 latentur,
1007 509 1113 573 aeque
1139 499 1255 574 poetas
1281 512 1381 574 quam

181 609 326 664 oratores
345 600 501 682 sequitur,
521 601 678 683 quoniam
698 602 880 666 mediocres
901 611 1017 686 poetas
1036 622 1136 667 nemo
1158 603 1260 677 novit,
1276 604 1382 669 bonos

138 743 143 750 ,
180 712 286 794 pauci.
307 761 309 768 ,
332 711 476 795 Quando
491 713 579 776 enim
601 714 840 778 rarissimarum
860 714 1091 778 recitationum
1114 714 1202 778 lama
1220 714 1256 807 in
1273 725 1380 780 totam

112 840 161 877 ·VJ
180 823 294 887 urbem
310 833 472 906 penetrat,
487 826 610 918 nedum
627 833 663 888 ut
679 847 738 909 per
752 835 805 890 tot
819 827 1003 908 provincias
1018 826 1202 890 innotescat
1212 831 1225 889 Ρ
1236 829 1239 837 ’
1249 825 1381 908 Quotus
1394 847 1408 898 5
1423 801 1462 881 si

179 925 331 1025 quisque}
349 957 424 1001 cum
448 957 492 1000 ex
516 937 678 1020 Hispania
700 938 753 1001 vel
775 937 871 1013 Asia,
892 959 934 1003 ne
956 939 1036 1022 quid
1063 940 1106 1002 de
1129 938 1233 1003 Gallis
1259 941 1380 1003 nostris

178 1048 304 1131 loquar,
320 1049 354 1112 in
373 1050 488 1113 urbem
503 1050 605 1128 venit,
627 1049 774 1114 Saleium
797 1051 937 1116 Bassum
962 1052 1121 1135 requirit?
1154 1050 1271 1134 Atque
1293 1051 1379 1143 adeo

178 1161 205 1222 si
229 1161 304 1242 quis
328 1161 474 1244 requirit,
498 1171 535 1227 ut
562 1162 665 1225 semel
687 1163 779 1241 vidit,
805 1165 923 1226 transit
950 1173 983 1226 et
1009 1172 1183 1228 contentus
1206 1171 1266 1236 est,
1289 1171 1326 1224 ut
1350 1163 1377 1223 si

142 1315 143 1318 κ
176 1273 349 1355 picturam¹
369 1273 515 1356 aliquam
544 1274 598 1339 vel
629 1284 776 1340 statuam
805 1275 950 1340 vidisset.
995 1275 1114 1358 Neque
1143 1276 1231 1338 hunc
1265 1294 1376 1336 meum

176 1404 362 1450 sermonem
397 1387 443 1451 sic
472 1386 577 1470 accipi
608 1385 685 1452 volo
721 1396 893 1470 tamquam
928 1407 986 1452 eos
1016 1389 1135 1470 quibus
1167 1396 1285 1450 natura
1317 1407 1376 1449 sua
1391 1403 1423 1439 10

175 1499 357 1562 oratorium
373 1497 540 1583 ingenium
556 1500 733 1583 denegavit
749 1501 933 1564 deterream
953 1520 973 1565 a
994 1499 1204 1578 carminibus
1224 1500 1252 1563 si
1273 1499 1375 1562 modo

174 1611 208 1672 in
223 1609 287 1674 hac
302 1611 485 1676 studiorum
497 1619 591 1693 parte
602 1610 887 1702 oblectareotium
899 1593 1068 1688 eu'nomen
1080 1611 1222 1676 inserere
1236 1623 1375 1694 possunt

174 1710 293 1787 famae]
337 1723 413 1806 Ego
439 1745 516 1788 vero
543 1743 676 1789 omnem
703 1723 927 1807 eloquentiam
954 1744 1137 1806 omnesque
1163 1723 1233 1788 eius
1263 1733 1374 1808 partes

173 1855 283 1898 sacras
306 1846 341 1901 et
362 1835 566 1900 venerabiles
589 1845 680 1919 puto,
704 1856 765 1901 nec
791 1836 897 1901 solum
924 1836 1122 1901 cothurnum
1144 1845 1288 1900 vestrum
1315 1846 1374 1899 aut

206 1966 248 2011 10.
267 1977 289 2012 2.
307 1962 389 2012 omnis
399 1964 432 2023 A,
443 1979 527 2012 omnes
537 1962 622 2022 CDH,
636 1979 685 2012 our.
699 1963 726 2013 B.
766 1979 842 2030 acque
852 1964 917 2023 Put.‚
928 1970 1003 2028 atque
1014 1962 1085 2012 codd.
1219 1976 1241 2024 3.
1257 1961 1374 2026 sequitur

173 2027 343 2088 EV2CADH.
357 2030 407 2078 and
424 2045 485 2078 corr.
497 2029 530 2088 A,
543 2028 689 2093 insequitur
704 2029 759 2078 AB.
806 2038 808 2042 ’
825 2044 849 2091 4.
867 2029 1060 2077 rarissimarum
1076 2028 1157 2083 codd..
1172 2028 1372 2076 clarissinuarum

172 2094 274 2151 Sternet,
282 2093 416 2143 rarissimu
427 2093 522 2143 harum
533 2095 668 2144 Andresen.
768 2109 790 2158 5.
808 2094 899 2143 nedum
912 2098 940 2156 b,
952 2094 1062 2142 medium
1075 2094 1142 2143 ΑΒΕ
1155 2097 1275 2155 (melmin
1288 2093 1315 2141 H
1327 2092 1371 2156 Sp.

172 2160 248 2222 Pur).
338 2160 361 2208 8.
378 2167 409 2208 ut
418 2161 492 2208 senui
502 2159 638 2222 Acidalius,
651 2161 759 2209 etsemel
767 2161 841 2210 codd.
928 2174 966 2209 ιο.
983 2174 1031 2208 sua
1042 2159 1091 2208 del.
1103 2159 1240 2218 Andresen,
1254 2158 1354 2208 Novak.

171 2282 215 2316 use
226 2267 247 2315 ia
259 2266 337 2315 found
348 2266 521 2332 frequentlyin
534 2266 690 2329 Quintilian:
707 2282 746 2317 see
829 2273 934 2327 quotus
954 2269 1084 2325 quisque,
1106 2266 1180 2315 ‘how
1197 2263 1292 2314 seldom
1310 2264 1372 2313 does

171 2341 230 2382 note
250 2347 281 2380 on
300 2348 323 2381 x.
344 2347 366 2394 5,
390 2336 428 2382 18.
469 2333 498 2380 Iu
517 2333 605 2381 Cicero
621 2331 706 2397 opinio
725 2335 746 2382 is
796 2349 845 2397 any
866 2331 930 2394 one,’
953 2335 1000 2381 &a
1045 2332 1101 2381 The
1128 2330 1234 2379 formula
1262 2329 1372 2392 literally

171 2397 298 2460 generally
309 2398 370 2446 used
379 2397 439 2447 with
451 2415 466 2448 a
477 2397 593 2460 genitive,
606 2414 633 2448 as
641 2403 648 2427 ‘
657 2398 745 2463 malig-
795 2414 881 2448 means
889 2403 896 2428 ‘
904 2399 966 2447 each
977 2397 1031 2446 unit
1043 2396 1073 2446 of
1080 2395 1148 2445 what
1156 2395 1238 2444 whole
1249 2393 1370 2454 numbers

170 2464 257 2513 nitatis
265 2461 421 2527 opinionem’
433 2463 459 2512 in
471 2462 510 2512 ch.
520 2465 558 2514 15.
568 2462 685 2513 6below:
705 2480 745 2527 cp.
796 2464 812 2512 i.
820 2479 841 2513 e.
854 2479 900 2513 one
912 2465 936 2512 in
947 2463 1004 2512 how
1016 2477 1100 2526 many,
1111 2462 1160 2510 and
1171 2477 1200 2510 so
1212 2461 1284 2510 ‘how
1296 2458 1370 2509 small

170 2528 285 2578 however
295 2543 341 2594 pro
352 2529 432 2590 Sulla,
445 2533 458 2588 ἱ
470 2542 515 2578 10:
528 2544 575 2594 pro
587 2529 646 2594 leg.
657 2529 745 2578 Manil.
796 2546 811 2579 a
823 2527 984 2594 proportion,'
998 2527 1072 2576 ‘how
1084 2525 1147 2576 lew?

172 2598 238 2657 543.
831 2605 852 2658 7.
870 2598 1053 2653 usqueadeo.
1090 2593 1161 2654 ‘Yea
1174 2589 1369 2653 andifanyoue

205 2675 226 2709 2.
245 2675 332 2718 aequa
351 2695 360 2710 .
382 2697 388 2709 .
408 2696 415 2710 .
436 2674 521 2718 quam
554 2675 640 2710 occurs
664 2675 744 2710 some-
795 2661 856 2710 does
872 2660 917 2710 ask
934 2660 997 2709 alter
1013 2658 1082 2707 him!
1115 2659 1163 2722 Cp.
1177 2656 1336 2706 14.6where
1348 2657 1369 2706 it

168 2726 242 2775 times
259 2726 314 2775 also
331 2726 357 2774 in
377 2724 480 2775 Plautus
499 2725 548 2774 and
566 2726 629 2789 Livy
645 2725 684 2774 lor
701 2726 744 2776 the
799 2727 905 2774 =immo
917 2726 1007 2790 potius.

170 2807 239 2840 more
249 2791 362 2840 classical
373 2806 466 2856 aeque.
479 2828 486 2841 .
499 2828 505 2840 .
519 2806 553 2840 ac.
586 2790 622 2839 So
638 2791 704 2840 Hist.
717 2793 742 2841 ii.
827 2793 851 2842 8.
868 2797 902 2840 ut
918 2794 1005 2840 semel
1018 2792 1100 2838 vidit.
1135 2788 1198 2836 This
1213 2786 1322 2837 reminds
1339 2803 1367 2836 us

171 2871 209 2913 10,
219 2870 265 2918 ης
276 2857 308 2906 iv.
318 2870 358 2920 54,
370 2858 384 2904 8
395 2873 401 2915 ;
412 2873 435 2905 v.
447 2871 471 2918 3,
482 2870 509 2904 11
522 2873 528 2906 r
541 2857 607 2905 Anu.
617 2855 642 2905 ii.
651 2870 690 2920 52,
704 2866 743 2920 173
793 2855 823 2906 os
847 2855 932 2920 Livy's
953 2855 1079 2905 admirer:
1103 2867 1261 2918 nunquamne
1284 2853 1366 2916 legisti

169 2923 202 2971 iv.
211 2936 291 2986 49,9;
307 2924 356 2972 xiv.
366 2923 407 2983 38,
416 2932 438 2985 7.
462 2921 492 2970 ln
500 2921 535 2969 all
543 2920 612 2970 these
620 2921 743 2971 instances
793 2921 946 2970 Gaditanum
968 2921 1090 2986 quendam
1113 2920 1165 2968 Titi
1187 2919 1243 2967 Livi
1266 2919 1366 2967 nomine

169 2986 211 3036 the
223 2988 388 3037 construction
400 2988 422 3036 is
433 2987 565 3050 negative:
582 2987 627 3037 Df.
641 2991 654 3046 ξ
669 2987 724 3050 176.
791 2987 921 3052 gloriaque
938 2993 1091 3036 commotum
1107 2985 1140 3035 ad
1158 2984 1286 3033 visendum
1308 2999 1366 3033 eum

202 3067 224 3116 3.
242 3056 377 3110 sequitur.
413 3053 447 3102 So
461 3053 546 3115 Quint.
559 3052 591 3101 iv.
610 3065 630 3114 1,
650 3065 681 3116 14
696 3068 741 3117 po·
792 3053 825 3101 ab
833 3052 924 3101 ultimo
932 3059 1049 3101 terrarum
1061 3053 1121 3101 orbe
1131 3051 1225 3099 venisse
1233 3049 1365 3113 statimque

167 3125 247 3167 tentes
258 3118 367 3182 sequitur
377 3117 478 3167 invidia.
791 3126 819 3166 ut
830 3118 925 3167 viderat
936 3118 1036 3167 abisse?
1069 3116 1132 3166 Plin.
1146 3116 1212 3180 Epp.
1224 3115 1249 3164 ii.
1264 3129 1288 3177 3,
1300 3114 1322 3163 8.

200 3201 223 3248 4.
242 3187 455 3243 ransdmarum,
485 3186 527 3232 ‘so
555 3183 602 3232 few
629 3184 679 3232 and
704 3183 741 3233 far
826 3196 864 3233 10.
881 3187 922 3233 aio
933 3184 1021 3240 auoipl
1031 3188 1188 3240 tamquam:
1206 3181 1292 3243 Quint.
1301 3180 1328 3230 ii.
1340 3195 1364 3242 3,

166 3248 357 3309 betweeu,’—ol
377 3248 419 3297 the
441 3249 601 3313 productione
626 3249 655 3297 oi
676 3249 740 3298 indi·
793 3261 830 3298 10.
1343 3281 1345 3288 ›

166 3314 274 3374 viduals,
283 3313 388 3363 without
396 3313 582 3378 implyingthat
590 3313 706 3378 readings
714 3315 739 3363 in
825 3327 862 3362 η.
880 3317 1021 3364 oblectare
1049 3315 1147 3361 otium.
1191 3311 1247 3360 The
1275 3310 1364 3376 phrase

166 3379 266 3443 general
283 3394 347 3428 were
363 3395 460 3428 scaree:
479 3394 518 3442 cp.
532 3381 555 3428 9.
571 3393 600 3441 ¹4
611 3395 668 3428 cum
684 3387 739 3429 toto
789 3394 875 3429 occurs
886 3381 969 3442 again,
981 3380 1046 3427 Ann.
1058 3379 1100 3428 xii.
1112 3392 1154 3441 49,
1166 3393 1190 3440 4.

166 3459 231 3494 anno
252 3480 258 3492 .
279 3481 286 3493 .
304 3481 312 3496 .
329 3461 406 3493 unum
427 3445 518 3492 librum
540 3444 645 3494 excudit.
689 3446 739 3493 Im·
821 3460 927 3494 nomen
943 3446 1243 3494 inserere...famaa:
1261 3441 1363 3505 ‘gaina

166 3518 266 3574 portant
288 3511 370 3559 works
391 3526 455 3559 were
482 3509 609 3574 produced
632 3509 691 3572 only
712 3517 738 3560 at
787 3509 1057 3576 nicheinthetemple
1075 3508 1104 3559 of
1117 3505 1199 3556 iame’
1232 3507 1363 3556 Asimilar

165 3576 292 3636 intervals,
314 3574 411 3639 though
438 3576 507 3624 there
528 3590 570 3623 are
592 3590 666 3639 many
687 3577 737 3624 evi·
787 3577 926 3641 expression
938 3576 961 3625 ls
971 3575 1049 3624 found
1060 3574 1126 3623 Hist.
1136 3572 1211 3632 ii.61,
1226 3587 1239 3621 a
1255 3574 1361 3621 inserere

165 3641 254 3691 dences
272 3641 301 3690 of
316 3657 331 3690 a
348 3648 444 3704 greater
462 3641 564 3704 activity
577 3640 603 3689 iu
621 3640 664 3690 the
680 3657 737 3706 pro·
786 3657 839 3690 sese
862 3641 986 3690 fortunae:
1015 3644 1053 3704 cp.
1073 3640 1138 3688 Ann.
1161 3638 1193 3687 vi.
1218 3651 1242 3697 r,
1264 3648 1277 3699 7
1300 3637 1361 3685 dum

165 3706 266 3755 duction
285 3707 314 3755 of
328 3705 431 3770 slighter
448 3707 538 3771 pieces,
557 3707 691 3771 especially
709 3707 735 3756 in
786 3707 970 3770 ignobilitatem
998 3721 1068 3755 suam
1096 3704 1193 3768 magnis
1219 3703 1361 3752 nominibus

162 3771 206 3820 the
223 3773 325 3820 domuin
336 3772 365 3820 of
375 3771 437 3835 lyric
447 3779 543 3836 poetry.
576 3772 667 3820 Others
678 3773 735 3822 take
784 3771 874 3822 inserit.

163 3836 356 3885 rarissimarum
384 3836 644 3897 as=‘remarkable‚’
667 3853 734 3886 eom·
820 3851 856 3900 13.
875 3839 1085 3894 eloquentiam:
1122 3834 1180 3883 here
1215 3832 1361 3898 practioally

163 3903 251 3966 paring
263 3905 324 3966 Agr.
335 3903 395 3965 iv.7
413 3909 492 3952 mater
513 3918 582 3951 rarae
599 3902 735 3952 castitatis:
784 3916 952 3966 synonymous
968 3901 1028 3951 with
1049 3896 1205 3950 ‘literature'
1239 3898 1360 3962 Literally

163 3968 198 4016 ib.
210 3967 252 4016 vii.
267 3967 295 4016 16
312 3968 437 4016 rarissima
447 3968 599 4017 moderatio:
616 3968 665 4017 aud
678 3969 734 4018 Sen.
785 3966 940 4018 ‘utterance’

163 4034 282 4083 Controv.
299 4034 333 4082 iv.
353 4034 382 4080 28
400 4033 432 4081 ad
451 4033 502 4090 fin..
519 4032 597 4082 homo
618 4034 735 4082 rarissimi
820 4046 858 4096 14.
877 4037 1047 4083 cothurnum
1065 4037 1199 4081 vestrum.
1233 4031 1281 4093 Cp.
1299 4028 1359 4077 ‘the

165 4099 263 4148 etiamsi
275 4115 324 4148 nou
336 4098 529 4148 emendatissimi
541 4098 642 4162 ingenii.
785 4097 898 4148 buslrin’d
911 4096 995 4162 stage’
1007 4097 1134 4160 (Milton).
1167 4095 1201 4144 So
1211 4095 1274 4143 Hor.
1286 4094 1318 4142 A.
1329 4094 1357 4141 P.

195 4178 219 4228 5.
235 4167 341 4213 nedum
362 4170 402 4213 ut.
439 4164 464 4213 A
485 4179 539 4212 rare
560 4165 735 4226 construction,
785 4164 1080 4214 80contraststhesoccus
1088 4159 1191 4226 (κρηπίς)
1201 4157 1357 4222 or‘slipper‘

162 4229 249 4288 found,
260 4230 383 4289 however,
395 4229 420 4277 in
431 4230 495 4292 Livy
506 4229 542 4278 iii.
556 4229 662 4291 14,6ne
672 4245 734 4280 voce
784 4230 813 4278 of
826 4229 931 4294 comedy
941 4228 1002 4279 with
1019 4227 1061 4277 the
1073 4227 1181 4292 grandes
1197 4224 1315 4273 cothurni
1331 4223 1361 4272 ol

161 4295 262 4358 quidem
283 4295 447 4354 incommodi,
465 4295 555 4343 nedum
578 4302 605 4344 ut
624 4295 677 4343 ulla
695 4297 732 4344 vis
779 4296 891 4359 tragedy.

161 4359 244 4411 fieret:
261 4377 300 4424 cp.
310 4361 395 4424 Quint
409 4360 451 4408 xii.
465 4373 486 4419 1,
501 4372 541 4423 39.
558 4360 627 4409 'For
639 4360 732 4410 nedum
814 4367 950 4420 vestrum,
957 4357 1032 4408 while
1043 4355 1173 4406 addressed
1181 4361 1208 4403 to
1217 4354 1353 4414 Maternus,

159 4426 223 4476 aster
234 4426 378 4476 affirmative
389 4424 493 4488 clauses,
506 4441 545 4475 see
556 4441 589 4476 ou
601 4427 641 4476 26.
655 4440 692 4477 10.
781 4424 803 4475 is
814 4426 887 4476 made
899 4434 925 4476 to
936 4421 1036 4476 inuade
1047 4421 1089 4473 the
1099 4423 1168 4473 other
1178 4419 1257 4484 tragic
1268 4427 1346 4485 poeta
